3022 4966
391 398 650 464 Benedictionea
666 400 703 462 in
722 400 944 497 Quotidiania
961 399 1100 462 Diebus.
1257 396 1320 461 357

218 567 294 626 Item
308 570 380 628 alia.

221 668 440 753 Omnipotens
454 669 548 735 Deus
564 671 636 737 dies
651 679 785 738 vestros
801 673 835 735 in
852 693 914 736 sua
929 692 1010 757 pace
1025 671 1192 756 disponat,
1210 675 1245 732 et
1261 689 1326 731 suae
1355 750 1358 756 .
1460 714 1462 719 -

179 772 275 835 vobis
290 773 532 840 benedictionis
549 777 636 841 dona
652 776 820 841 concedat.
865 778 982 840 Amen.

99 920 102 927 -
221 877 273 940 Ab
290 879 444 943 omnibus
461 902 520 943 vos
532 880 842 967 perturbationibus
857 879 989 955 liberet,
1002 884 1038 943 et
1051 883 1182 943 mentes
1198 885 1329 940 vestras

177 980 212 1042 in
229 1001 296 1045 suae
312 984 405 1066 pacis
421 985 671 1069 tranquillitate
687 985 883 1050 consolidet.
928 987 1045 1049 Amen.

221 1083 393 1170 Quatenus
416 1088 502 1166 fidei,
520 1090 591 1174 spei
608 1097 641 1155 et
665 1085 817 1154 caritatis
839 1089 981 1174 gemmis
997 1088 1119 1163 ornati,
1135 1092 1167 1150 et
1184 1107 1327 1171 praesen-

169 1194 247 1279 tem
277 1190 381 1254 vitam
415 1194 614 1279 transigatis
644 1194 762 1268 inlesi,
794 1200 829 1258 et
860 1192 901 1256 ad
935 1199 1092 1256 aeternam
1122 1192 1326 1276 perveniatis

181 1293 303 1357 securi.
346 1296 463 1359 Amen.

224 1397 416 1483 Quodipse.
461 1405 578 1484 Amen.

225 1501 430 1566 Benedictio.
475 1506 592 1568 Amen.

221 1689 391 1751 Benedictio
403 1714 487 1771 cuper
500 1716 599 1770 rcqem,
614 1695 739 1753 dicacula
754 1702 874 1770 tempore
887 1692 998 1770 synodi.

225 1787 407 1855 Benedicat
431 1790 492 1855 tibi
512 1778 967 1873 Dominus,custodiensque
991 1795 1035 1866 te,
1057 1789 1146 1854 sicut
1168 1795 1202 1854 te
1227 1789 1334 1854 voluit

95 1916 97 1921 ·
184 1912 285 1975 super
309 1889 469 1979 populum
497 1917 593 1960 suum
616 1897 821 1960 constituere
842 1915 967 1979 regem,
992 1894 1042 1958 ita
1064 1898 1099 1957 et
1121 1893 1155 1956 in
1178 1895 1333 1979 praesenti

185 1996 305 2061 saeculo
328 1997 470 2076 felicem,
487 2006 522 2065 et
545 2007 675 2064 aeternae
693 1999 868 2064 felicitatis
892 1999 1020 2063 tribuat
1040 2018 1115 2062 esse
1137 2004 1334 2063 consortem.

185 2100 304 2164 Amen.
423 2094 427 2108 '

232 2204 366 2270 Clarum
389 2228 428 2272 ac
451 2208 610 2294 populum
633 2231 730 2294 quem
748 2230 811 2274 sua
824 2206 933 2272 voluit
955 2204 1175 2291 opitulatione
1191 2227 1251 2290 pro
1275 2212 1336 2270 tua

190 2309 456 2376 sanctificatione
472 2314 682 2397 congregari,
700 2334 760 2377 sua
782 2310 1031 2396 dispensatione
1052 2317 1087 2374 et
1110 2317 1169 2374 tua
1184 2310 1340 2374 adminis-

190 2417 336 2480 tratione
367 2440 426 2502 per
459 2419 620 2484 diuturna
649 2426 802 2504 tempora
834 2418 938 2484 faciat
971 2415 1116 2479 feliciter
1148 2417 1341 2500 gubernari.

191 2523 307 2586 Amen.

231 2625 404 2709 Quatenus
419 2626 542 2691 divinis
557 2627 694 2691 monitis
717 2633 882 2710 parentes,
899 2622 1161 2689 adversitatibus
1185 2623 1338 2687 omnibus

194 2737 358 2807 carentes,
383 2732 478 2795 bonis
507 2732 661 2795 omnibus
692 2730 925 2804 exuberantes,
949 2734 1008 2793 tuo
1038 2726 1223 2791 ministerio
1254 2726 1345 2791 fideli

194 2855 306 2898 amore
323 2837 557 2920 obsequentes,
575 2837 660 2899 etin
677 2835 833 2921 praesenti
850 2832 969 2898 saeculo
984 2833 1078 2917 pacis
1098 2832 1344 2916 tranquillitate

192 2938 357 3016 truantur,
375 2946 542 3026 attacum
565 2945 763 3004 aeternorum
787 2939 908 3003 civium
932 2936 1097 3002 consortio
1120 2936 1222 3022 potiri
1237 2957 1342 2999 mere-

195 3048 305 3106 antur.
351 3046 468 3108 Amen.

239 3145 431 3232 Quodssipse.
476 3149 594 3211 Amen.

242 3251 444 3315 Benedictio.
490 3253 606 3314 Amen.

242 3438 409 3510 Benedictio
422 3444 462 3501 ad
475 3443 575 3500 omnia
588 3462 757 3519 quacunque
771 3439 902 3498 volucris.

242 3546 396 3621 Benedic,
424 3541 577 3615 Domine,
602 3546 790 3602 creaturam
818 3538 919 3602 istam
946 3535 999 3599 su.
1028 3541 1067 3598 ut
1095 3535 1140 3598 sit
1163 3534 1346 3599 remedium

202 3655 351 3719 salutare
367 3647 482 3735 generi
498 3647 665 3719 human03
690 3649 725 3708 et
736 3649 858 3729 praesta
873 3663 933 3726 per
948 3639 1189 3704 invocationem
1206 3638 1349 3702 nominis

202 3760 253 3824 tui
275 3761 314 3820 ut
329 3754 516 3837 quicunque
532 3769 574 3811 ex
590 3767 631 3810 ea
647 3746 839 3830 sumpserit,
855 3746 972 3810 animae
995 3742 1136 3810 tutelam
1152 3749 1187 3805 et
1201 3741 1349 3827 corporis

205 3863 383 3927 sanitatem
399 3851 569 3939 percipiat.
614 3851 689 3915 Par.
