2994 4996
512 504 774 570 Benedictioacs
792 500 1029 583 Episcopalcs.
1287 499 1348 562 181

235 711 400 769 Benedictio
413 709 447 769 de
460 731 530 786 repe.

241 925 460 1009 Omnipotens
487 925 711 1009 sempiternus
739 922 842 999 Deus,
868 922 926 1007 qui
956 922 1103 989 omnium
1127 923 1208 1007 jura
1232 943 1351 1010 regum

195 1028 411 1092 immobiliter
432 1028 608 1112 gubernat,
624 1027 800 1092 benedicat
822 1033 857 1090 et
878 1031 1037 1111 protegat
1058 1046 1172 1111 regem
1188 1033 1351 1104 nostrum,

197 1140 233 1194 et
248 1129 417 1194 custodiat
432 1150 507 1192 eum
524 1129 565 1192 ab
581 1129 669 1193 omni
686 1129 920 1212 impedimento
936 1128 1140 1192 aemulorum.
1184 1129 1302 1194 Amen.

239 1233 292 1297 Ab
309 1233 398 1296 omni
414 1254 489 1296 eum
505 1231 758 1315 perturbatione
775 1231 905 1307 liberet,
921 1238 957 1297 et
972 1232 1006 1295 in
1022 1252 1107 1295 verae
1127 1230 1221 1317 pacis
1235 1232 1353 1298 funda·

196 1334 524 1399 mentoconsolidet.
568 1335 686 1397 Amen.

241 1436 381 1521 Talique
406 1458 481 1500 enm
504 1435 734 1500 benedictione
756 1435 952 1510 sanctificet,
975 1440 1014 1498 ut
1036 1440 1113 1519 post
1136 1436 1353 1519 temporalem

197 1537 350 1623 gloriam,
366 1540 439 1624 ipso
455 1539 549 1616 duee,
565 1539 607 1604 ad
621 1538 746 1624 gaudia
759 1539 933 1624 perveniat
949 1537 1161 1622 sempiterna.
1206 1542 1324 1602 Amen.

242 1641 335 1725 Quod
350 1642 434 1726 ipse.

240 1861 300 1921 Pro
312 1862 367 1920 iter
380 1863 535 1939 repentibus.

242 2074 461 2161 Omnipotens
477 2075 569 2139 Deus
583 2075 741 2161 angelum
757 2096 854 2140 suum
870 2075 910 2140 de
926 2075 1018 2140 coelis
1034 2076 1169 2162 dirigat,
1185 2075 1242 2161 qui
1264 2076 1352 2141 viam

200 2175 402 2242 famulorum
436 2197 572 2241 suorum
609 2179 642 2242 in
678 2177 799 2243 salutis
835 2178 895 2242 viee
928 2179 1152 2263 prosperitate
1188 2179 1354 2264 disponat.

203 2280 320 2343 Amen.

242 2383 314 2448 lter
327 2404 443 2448 eorum
459 2383 624 2468 praecedat
647 2389 681 2447 et
697 2384 930 2467 subsequatur,
947 2387 982 2447 et
996 2383 1039 2447 ab
1061 2383 1152 2447 omni
1167 2403 1225 2448 eos
1240 2382 1355 2447 hostili

202 2485 392 2551 incursione
408 2487 565 2571 potentia
582 2508 649 2550 suae
663 2485 804 2550 dextera
818 2491 964 2549 tueatur.
1009 2487 1129 2549 Amen.

244 2587 346 2653 Justa
368 2589 515 2673 ipsorum
539 2587 706 2652 desideria
729 2587 905 2671 compleat,
927 2588 1063 2672 votique
1090 2593 1260 2672 compotes
1283 2609 1357 2653 cum

203 2688 378 2755 alacritate
393 2694 516 2755 mentis
532 2696 566 2755 et
581 2690 730 2775 corporis
745 2710 896 2754 remeare
913 2691 1083 2755 concedat.
1129 2691 1247 2755 Amen.

248 2792 342 2878 Quod
357 2795 441 2878 ipse.

243 3013 290 3072 ·De
303 3015 504 3073 anniversaria
518 3014 636 3072 ecclesiae
649 3012 833 3072 dedicatioaa

250 3207 352 3286 Deus,
368 3209 443 3273 fons
459 3217 494 3275 et
516 3208 610 3294 origo
629 3209 880 3286 benedictionis,
895 3229 956 3272 vos
978 3208 1013 3274 in
1027 3209 1090 3275 hac
1112 3208 1208 3274 domo
1223 3232 1360 3298 congre·

208 3319 307 3398 gatos
330 3333 390 3397 pro
414 3312 645 3387 anniuersario
669 3313 757 3376 festo
784 3333 851 3377 sua
877 3312 1096 3378 dedicationis
1119 3313 1208 3378 omni
1229 3315 1362 3400 repleat

209 3416 384 3480 intellectu
400 3436 502 3481 sacrae
518 3415 726 3479 eruditionis.
771 3416 889 3479 Amen.

254 3518 433 3583 Custodiat
447 3519 480 3580 in
502 3518 597 3581 vobis
613 3517 689 3580 tidei
713 3516 955 3601 integritatem,
972 3515 1042 3600 spei
1065 3514 1365 3601 longanimitatem,

210 3627 483 3709 perseverantem
498 3641 602 3705 usque
618 3621 653 3684 in
668 3622 768 3683 finem
784 3639 857 3682 cum
871 3624 987 3682 saneta
1002 3619 1165 3702 patientia
1180 3621 1365 3686 caritatem.

210 3729 328 3790 Amen.

253 3829 373 3891 Preces
388 3831 521 3891 vestras
536 3825 591 3889 bic
606 3831 641 3889 et
656 3824 778 3908 ubique
795 3822 963 3899 exaudiat,
975 3821 1097 3887 delicta
1112 3824 1234 3901 deleat,
1249 3825 1365 3890 hostes

210 3934 376 4006 amoveat,
393 3934 427 3993 et
442 3949 502 4013 per
524 3928 594 3993 brec
608 3928 698 3992 festa
721 3926 954 3991 anniversaria
975 3926 1017 3991 ad
1034 3927 1194 3992 continua
1216 3947 1367 4012 superna

211 4033 359 4098 ecclesiae
375 4031 538 4116 perducat
553 4029 740 4096 sollemnia.
786 4030 905 4093 Amen.

256 4135 348 4220 Quod
365 4135 447 4219 ipse.
