3022 4966
550 416 769 478 Consecratio
787 413 963 494 Episcopi.
1268 409 1330 472 231

222 622 337 684 Misso
353 620 506 701 episcopi
516 641 585 700 pro
600 640 635 684 se
650 622 688 683 in
703 621 760 683 die
776 619 1011 683 ordinationis
1027 639 1106 681 anca.

224 724 356 789 Oratio.
401 721 503 797 Deus,
520 722 576 806 qui
591 744 657 786 non
673 722 817 807 propriis
840 721 1103 806 suffragantibus
1119 719 1259 797 meritis,
1276 720 1334 785 sed

177 824 251 890 sola
284 825 464 889 ineffabilis
498 826 614 910 graliae
643 824 803 910 largitate
837 846 889 888 me
922 823 1058 888 familie
1091 829 1157 888 iuae
1191 845 1333 908 praesse

178 929 325 1004 voluisti,
349 929 459 992 tribue
480 949 532 992 me
554 929 615 993 tibi
640 930 739 1014 digne
762 927 952 1012 persolvere
979 927 1199 991 ministerium
1224 948 1333 991 sacer-

176 1030 298 1095 dotalis
314 1030 421 1105 officii,
435 1035 469 1094 el
484 1030 722 1096 ecclesiasticis
734 1032 971 1095 convenienter
987 1030 1112 1094 servire
1128 1030 1333 1107 ministeriis,

177 1131 374 1217 plebemque
388 1133 470 1196 mihi
486 1134 707 1210 commissam,
720 1139 754 1199 te
770 1135 804 1198 in
821 1134 974 1198 omnibus
989 1138 1197 1219 protegente,
1212 1135 1334 1218 guber·

180 1256 260 1298 nare
276 1237 427 1300 concede.
472 1237 537 1300 Per
552 1236 742 1302 Dominum.

221 1339 371 1402 Secreta.
417 1339 469 1402 Ad
498 1339 650 1423 gloriam,
676 1340 828 1415 Domine,
853 1339 903 1403 lui
934 1338 1077 1402 nominis
1107 1359 1219 1402 annua
1247 1338 1337 1404 festa

179 1447 368 1525 repetentes
392 1440 610 1505 sacerdotalis
636 1443 743 1519 officii,
764 1442 909 1505 hostiam
934 1441 996 1504 tibi
1018 1440 1128 1504 laudis
1155 1441 1336 1518 offerimus,

177 1543 374 1628 suppliciter
396 1548 586 1618 exorantes,
611 1548 649 1607 ut
671 1545 767 1627 cujus
791 1544 968 1607 ministerii
992 1541 1063 1605 vice
1086 1541 1147 1605 tibi
1171 1543 1335 1607 servimus

181 1644 350 1720 immeriti,
366 1646 538 1730 suffragiis
554 1646 732 1710 reddamur
746 1646 885 1731 accepti.
929 1646 995 1710 Per
1009 1644 1198 1709 Dominum.

221 1747 310 1824 Infra
328 1747 482 1805 Cononem.

224 1843 322 1906 Hauc
338 1841 444 1927 igitur
466 1841 670 1906 oblationem
686 1865 784 1931 quam
808 1843 869 1908 tibi
893 1844 996 1908 offero
1012 1862 1075 1927 ego
1091 1839 1237 1905 famulus
1258 1845 1339 1906 tuus

182 1953 217 2011 et
232 1946 398 2020 sacerdos,
410 1945 451 2008 ob
466 1945 553 2008 diem
569 1945 603 2007 iu
619 1967 686 2030 qua
701 1968 753 2010 me
769 1948 927 2032 dignatus
939 1967 976 2010 es
991 1947 1025 2008 in
1042 1944 1229 2030 ministerio
1245 1965 1340 2009 sacro

182 2050 387 2114 constituere
411 2048 628 2125 sacerdotem,
651 2051 797 2127 obsecro,
818 2051 970 2127 Domine,
993 2049 1148 2134 placatus
1171 2048 1338 2132 accipias;

181 2152 268 2216 unde
283 2150 495 2233 majestatem
518 2155 611 2216 tuam
633 2174 743 2228 exoro,
760 2159 797 2218 ut
820 2155 908 2238 quod
923 2152 957 2217 in
973 2173 1026 2218 me
1048 2151 1167 2238 largiri
1181 2151 1339 2237 dignatus

183 2277 230 2333 es,
246 2254 413 2338 propitius
429 2255 596 2318 custodire
612 2256 772 2340 digneris.

237 2357 518 2420 Poslcommunio.
573 2357 781 2443 Repleantur
816 2359 1101 2423 consolationibus
1137 2355 1217 2432 tuis,
1254 2377 1339 2440 quoe·

184 2449 309 2533 sumus,
339 2456 491 2533 Domine,
522 2462 656 2522 tuorum
690 2461 791 2524 corda
819 2461 977 2537 fidelium,
1007 2460 1200 2545 pariterque
1234 2463 1269 2522 et
1297 2460 1339 2523 de

185 2559 342 2625 Ecclesiae
371 2558 523 2642 praesule,
554 2566 591 2626 el
619 2563 661 2627 de
692 2582 826 2627 suorum
857 2567 1011 2628 votorum
1041 2560 1247 2645 plenitudine
1279 2560 1340 2625 tibi

184 2665 333 2728 referant
347 2659 506 2727 actiones.
