3022 4966
219 413 281 479 178
536 414 796 479 Benedictiones
813 402 1050 490 Episcopalcs.

255 615 295 674 Ia
309 614 420 677 baali·
428 618 626 696 plurimarum
640 617 797 694 virgiuum.

259 811 478 898 Omnipotens
507 814 682 890 Dominus,
711 809 997 877 intercedentibus
1027 803 1154 870 sanctis
1184 797 1378 884 virginibus

215 913 287 977 suis
303 936 362 980 vos
377 916 536 1001 dignetur
552 916 756 991 benedicere,
772 913 886 998 quide
902 910 1041 993 antiqno
1056 908 1155 970 hoste
1179 923 1245 966 nou
1262 899 1374 964 solum

216 1037 278 1099 per
309 1017 410 1097 viros,
444 1040 561 1084 verum
594 1019 696 1084 etiam
726 1037 787 1104 per
822 1015 976 1080 foeminas
1009 1009 1118 1074 voluit
1149 1004 1375 1089 triumphare.

218 1120 337 1186 Amen.

259 1219 305 1285 Et
327 1222 383 1306 qui
406 1222 478 1289 illis
499 1222 607 1287 voluit
629 1220 839 1288 centesimi*
854 1220 987 1284 fructus
1008 1215 1132 1278 donum
1154 1211 1376 1292 decoremque

216 1320 379 1399 conferre,
395 1344 456 1389 vos
479 1324 637 1408 dignetur
659 1328 694 1388 et
714 1323 872 1387 vitiorum
890 1316 1103 1403 squaloribus
1118 1330 1320 1397 expurgare,
1337 1316 1376 1376 et

215 1423 378 1489 virtutum
392 1425 604 1510 lampadibus
620 1445 795 1489 exornare.
840 1424 959 1488 Amen.

258 1525 430 1610 Quatenus
452 1530 615 1594 virtutum
637 1528 711 1592 oleo
725 1528 777 1592 ita
799 1531 970 1611 pectorum
986 1525 1174 1586 vestrorum
1197 1516 1376 1601 lampades

215 1630 348 1712 possint
371 1631 505 1715 repleri,
521 1638 560 1697 ut
581 1652 656 1696 cum
672 1631 722 1694 eis
738 1629 852 1716 sponsi
868 1628 1054 1693 thalamum
1069 1621 1212 1686 valeatis
1227 1620 1372 1706 ingredi.

216 1731 335 1797 Amen.

260 1833 354 1918 Quod
369 1834 452 1918 ipse.

257 2033 425 2096 Benedictio
439 2036 473 2097 de
486 2057 648 2116 quocunqne
661 2039 795 2116 apostolo.

259 2232 506 2298 Benedictionis
528 2253 678 2317 superna
701 2235 797 2299 vobis
819 2254 916 2318 opem
943 2230 1051 2297 sancti
1074 2229 1118 2294 N.
1142 2226 1286 2313 apostoli
1310 2227 1374 2291 im·

212 2339 324 2419 petret
335 2335 454 2412 oratio,
464 2335 561 2419 cujus
571 2336 759 2402 honorificas
769 2337 937 2422 passionis
947 2335 1044 2399 hodie
1057 2332 1186 2398 vacatis
1198 2331 1375 2414 obsequio,

214 2436 346 2500 veniam
362 2439 450 2522 apud
464 2438 573 2503 Deum
594 2440 741 2524 peccatis
757 2440 880 2505 vestris
897 2441 1051 2504 obtinens
1067 2437 1122 2502 hic
1144 2435 1228 2499 etin
1244 2434 1374 2499 futuro.

216 2540 335 2604 Amen.

258 2640 387 2726 Quique
410 2663 431 2706 a
452 2641 524 2708 Deo
547 2643 747 2729 dignitatem
770 2642 946 2728 apostolici
970 2641 1115 2725 sumpsit
1136 2638 1286 2714 honoris,
1308 2658 1374 2703 vos

214 2748 416 2812 auctoritate
432 2747 618 2833 apostolica
633 2748 783 2811 universi
798 2748 953 2812 absolvat
967 2767 1057 2810 nexu
1072 2744 1231 2819 criminis,
1247 2749 1283 2806 et
1297 2739 1374 2807 Deo

212 2848 423 2935 constringat
439 2871 499 2914 suo
515 2836 652 2935 prebatu
668 2850 790 2913 foedere
806 2850 1024 2915 sanctissima
1040 2845 1204 2913 caritatis.
1248 2844 1371 2909 Amen.

255 2951 348 3036 Quod
365 2952 449 3037 ipse.

251 3152 417 3212 Benedictio
430 3153 464 3211 de
478 3174 640 3232 quocunque
653 3157 833 3232 evanpelisto.

254 3331 413 3396 Precibus
434 3333 524 3396 beati
547 3332 591 3396 N.
608 3335 823 3419 evangelistae
847 3355 948 3420 super
968 3356 1029 3398 vos
1050 3333 1212 3398 Dominus
1236 3335 1368 3420 copiam

212 3455 278 3500 suae
294 3434 532 3499 benedictionis
544 3435 707 3514 infundat,
721 3443 755 3502 et
770 3443 891 3502 cuncta
902 3436 1005 3502 saluti
1018 3441 1136 3500 vestra
1151 3436 1371 3501 adversantia

212 3563 233 3605 a
247 3541 343 3605 vobis
358 3540 560 3625 propitiatus
575 3541 742 3606 excludat.
787 3543 904 3607 Amen.

254 3642 300 3707 Et
315 3645 371 3725 qui
394 3641 444 3704 illi
459 3643 624 3707 concessit
645 3644 843 3728 praedicandi
866 3641 1017 3718 officinm,
1034 3640 1194 3705 concedat
1216 3641 1369 3707 vobisut

211 3745 286 3828 ejus
299 3744 335 3806 in
352 3743 433 3807 coeio
450 3763 582 3828 semper
597 3746 750 3810 babeatis
766 3744 981 3809 consortium.
1026 3744 1144 3806 Amen.

250 3846 422 3932 Quatenus
434 3845 525 3910 illius
538 3847 679 3912 salutari
691 3847 843 3913 doctrina
857 3845 990 3920 eruditi,
1004 3844 1051 3909 sic
1066 3845 1189 3909 vivatis
1200 3845 1234 3908 in
1251 3847 1366 3926 terris,

209 3955 249 4016 ut
269 3952 346 4034 post
368 3948 454 4012 hnnc
476 3948 579 4014 vitam
596 3948 792 4016 Creatorem
813 3955 963 4014 vestrum
987 3948 1059 4012 sine
1074 3947 1139 4011 fine
1161 3948 1307 4013 laudetis
1328 3952 1365 4015 in

209 4050 311 4117 coelis.
356 4051 473 4114 Amen.

252 4151 345 4239 Quod
361 4153 442 4236 ipse.

208 4325 221 4356 ¹
242 4321 293 4376 MS
305 4320 410 4375 aterni.
