3022 4966
472 660 723 726 ORDINATIO
747 656 1062 724 SAOERDOTUM.

247 866 288 924 Et
315 875 389 938 tunc,
417 867 491 925 dicto
517 865 621 934 Grada,
651 873 802 943 antequam
827 865 935 922 dicitur
962 864 1102 922 Dominus
1134 862 1278 920 vobiscum
1305 861 1348 918 oel

194 962 385 1040 Offcrtcrinnt‚
419 963 497 1021 electi
525 963 676 1020 sacerdotes
710 963 843 1020 accedant
873 963 912 1019 ad
941 962 1182 1028 consecrandum
1215 970 1240 1019 et
1269 960 1348 1018 dicat

192 1057 415 1115 archidiaconus.

237 1151 405 1216 Recedant
421 1153 477 1236 qui
493 1152 635 1216 ordinati
652 1159 731 1216 sunt
745 1152 894 1217 diaconi:
919 1155 1076 1217 accedunt
1099 1154 1153 1238 qui
1177 1153 1349 1216 ordinandi

194 1260 272 1318 sunt
288 1254 485 1319 sacerdotes.

232 1358 272 1415 Et
293 1365 424 1415 caveatur
444 1357 478 1415 de
499 1357 578 1414 orani
600 1356 786 1428 mutilatione,
811 1358 933 1414 macione
957 1379 1103 1428 crea-rutum,
1130 1379 1200 1435 puae
1223 1357 1348 1435 eprkcopo

191 1453 344 1513 ostendant.

233 1549 368 1621 Sedendo,
386 1548 528 1627 episcopus
542 1548 620 1605 dicat
634 1548 674 1605 eis
687 1548 747 1605 sine
761 1556 835 1606 notu.

238 1644 449 1710 Sacerdotem
473 1647 606 1726 oportet
628 1644 758 1718 offerre,
774 1644 976 1720 benedicere,
998 1666 1149 1728 preesse,
1164 1644 1350 1729 praedicare,

193 1746 354 1810 conficere
371 1751 406 1809 et
420 1745 599 1829 baptizare.

193 1858 217 1906 et
231 1849 350 1906 ulterius
364 1848 495 1924 informet
508 1868 560 1918 eos,
575 1847 601 1903 si
614 1847 741 1919 voluerit,
757 1856 787 1904 ut
802 1849 834 1905 in
843 1849 992 1927 principio
1006 1849 1075 1906 libri
1087 1849 1209 1906 habetur.

235 1942 420 2000 Benedicente
434 1963 476 1999 eos
495 1950 588 2018 postea
609 1942 743 2019 episcopa,
759 1943 859 2000 stando
872 1952 896 2000 et
913 1965 1030 2001 manum
1050 1965 1133 2021 caper
1146 1943 1242 2020 capita
1255 1962 1351 1999 eoram

195 2046 308 2108 tenente,
329 2058 421 2094 omnes
440 2037 591 2113 presbyteri
611 2037 662 2113 qui
683 2046 919 2114 presentarunt,
941 2059 1127 2095 noannoeane
1148 2059 1231 2114 super
1254 2036 1350 2113 capita

195 2153 290 2191 enum
305 2133 408 2189 levatas
422 2129 545 2188 tendant.

234 2226 336 2285 Postea
351 2226 500 2303 episcopeo,
515 2226 623 2295 stando,
637 2226 774 2303 populant
788 2227 969 2298 commendat,
984 2228 1086 2297 dicens,

242 2322 423 2386 Commune
440 2326 552 2383 votum
569 2322 751 2385 communis
775 2322 881 2386 oratio
897 2329 1126 2408 prosequatur,
1144 2328 1181 2387 ut
1200 2323 1234 2385 hi
1250 2322 1355 2386 totius

197 2425 342 2490 ecclesiae
374 2445 480 2507 prece,
512 2425 566 2506 qni
598 2425 632 2486 in
663 2426 837 2489 sacerdotii
868 2427 1088 2490 ministerium
1118 2433 1354 2511 praeparantur,

198 2527 414 2592 sacerdotalis
438 2527 551 2590 ordine
575 2527 813 2591 benedictionis
836 2528 1021 2593 clarescant
1043 2535 1078 2594 et
1100 2529 1265 2614 spirituali
1280 2551 1356 2593 con·

197 2632 384 2696 versatione
409 2631 653 2715 praefulgentes,
676 2631 786 2716 gratia
810 2633 1083 2696 sanctificationis
1109 2634 1251 2708 luceant,
1274 2654 1356 2716 prae-

197 2741 309 2800 stante
325 2734 466 2798 Domino
489 2740 604 2798 nostro
619 2732 701 2798 Jesu
725 2733 868 2809 Christo,
886 2735 939 2818 qui
965 2756 1037 2798 cum
1055 2735 1154 2800 Patre
1177 2740 1212 2799 et
1228 2734 1352 2818 Spiritu

197 2845 311 2905 sancto
328 2839 411 2902 vivit
426 2844 460 2902 et
474 2845 604 2922 regnat.

239 2945 410 3025 Praefatio
427 2942 694 3006 consecrationis
710 2945 936 3005 sacerdotum.

198 3071 1356 3165 W

243 3213 444 3286 O-re-mus,
467 3210 715 3286 dilectissimi,
739 3209 877 3273 De-um
901 3212 1033 3275 Patrem
1058 3213 1355 3297 omni-potentem,

199 3339 1358 3423 m

199 3493 238 3552 ut
253 3509 367 3571 super
381 3487 443 3549 hos
458 3483 634 3549 fa-mu-los
650 3505 688 3547 su
698 3505 769 3560 -os,
786 3507 870 3569 quos
885 3487 926 3551 ad
942 3488 1162 3571 pres-bi·te-ri
1173 3489 1206 3551 -i
1222 3511 1357 3554 mu-nus

195 3633 1356 3679 Η-ς-ι-ι-Η-ι-ι--ι-Η-ι-ι--Η-ι-

199 3763 305 3826 e·le·
314 3763 374 3846 git,
398 3758 622 3824 coe-les·ti-a
648 3757 749 3823 do-na
771 3759 1053 3844 mul-ti·pli·cet;
1078 3769 1110 3826 et
1138 3762 1225 3845 quod
1252 3763 1357 3845 e-jus

197 3888 1358 4007 Q

198 4037 341 4123 digna-ti
353 4057 400 4098 ·o·
411 4055 452 4097 ne
469 4033 605 4117 susci-pi
618 4038 703 4107 -unt,
724 4032 789 4116 ipsi
800 4071 811 4080 -
823 4054 862 4096 us
880 4042 1123 4118 consequuntur
1138 4060 1218 4100 aux·
1228 4036 1307 4098 il-i-
1318 4057 1347 4100 0.

198 4168 491 4288 Ξ

244 4319 441 4383 O-ru-mus.
