3022 4966
523 438 571 501 Dc
587 436 707 501 Pallio
724 436 996 519 Arcbiepiscopi.
1271 433 1336 498 353

179 620 354 707 irrigatum
388 625 550 690 virtutum
581 627 747 692 fructibus
782 646 934 690 crescere
969 631 1005 691 ct
1038 645 1148 689 coram
1182 622 1334 687 omnibus

180 723 365 791 clarescere
382 731 606 806 consedeant
621 730 695 813 ejus
711 731 784 794 vita
796 729 873 794 aliis
886 729 995 815 possit
1009 727 1160 811 exempla
1178 727 1335 810 praebere.

182 827 232 893 Sit
262 830 293 893 ei
324 833 431 897 honor
460 833 566 918 pallii,
594 840 825 899 ornamentum
856 833 986 909 anima,
1013 838 1049 896 et
1079 831 1165 894 unde
1195 830 1331 894 advenit

178 931 351 1018 fastigium
368 937 499 1001 visibile
520 938 595 1000 inde
611 938 768 1001 florescat
784 958 878 1001 amor
896 935 1087 1000 invisibilis.
1134 934 1206 998 Tua
1221 934 1333 997 diviua

180 1039 428 1120 potentiacum
456 1042 670 1115 corroboret;
695 1040 758 1105 Tui
781 1039 862 1104 Filii
888 1040 996 1103 virtus
1020 1040 1151 1104 viscera
1176 1037 1250 1120 ejus
1276 1037 1334 1101 foe·

179 1141 320 1218 cundet3
344 1143 406 1206 Tui
431 1143 575 1228 Spiritus
597 1145 711 1228 gratia
730 1144 892 1207 interiora
919 1144 992 1225 ejus
1013 1140 1162 1226 impleat.
1207 1141 1272 1204 Per
1298 1147 1331 1203 te

178 1246 368 1311 firmitatem
393 1248 467 1313 fidei
494 1248 674 1313 Catholicae
701 1271 767 1313 non
793 1247 901 1312 solum
930 1248 1063 1311 sibimet
1091 1245 1246 1309 servandi
1275 1245 1332 1307 sed

179 1348 279 1412 etiam
313 1351 397 1415 alios
436 1351 574 1415 docendi
614 1373 716 1416 causa
753 1356 941 1415 conservet.
986 1352 1051 1415 Per
1088 1356 1122 1413 te
1157 1347 1331 1412 cathedrae

179 1451 389 1538 Episcopalis
420 1461 454 1519 et
484 1454 643 1519 Ecclesia
676 1453 879 1519 universalis
911 1461 1041 1519 scutum
1074 1473 1139 1516 non
1175 1450 1281 1515 solum
1313 1473 1334 1515 a

180 1557 410 1639 spiritualibus
437 1558 495 1621 sed
524 1559 626 1622 ctiam
654 1580 675 1622 a
701 1558 930 1643 corporalibus
957 1558 1058 1640 hujus
1082 1554 1192 1619 saeculi
1216 1554 1332 1619 adver-

180 1659 336 1724 sitatibus
364 1661 487 1724 habere
513 1666 694 1724 mercatur.
740 1662 803 1724 Per
826 1668 860 1725 te
883 1660 1074 1744 apostolica
1098 1658 1274 1744 diguitatis
1298 1659 1331 1720 in

180 1762 269 1826 coelis
285 1769 320 1827 et
341 1763 493 1828 interris
511 1762 662 1827 solvendi
686 1770 720 1829 ct
742 1765 868 1849 ligandi
891 1785 958 1828 non
980 1762 1089 1827 solum
1109 1782 1250 1845 corpora
1273 1761 1331 1824 sed

150 1915 152 1919 r
179 1873 214 1929 et
237 1868 376 1943 animas,
399 1867 513 1931 divina
535 1867 663 1931 ditatus
685 1868 805 1952 gratia,
822 1867 1003 1935 dominium
1027 1865 1197 1949 suscipiat,
1220 1873 1260 1928 ut
1282 1864 1331 1927 ita

177 1969 287 2053 dignis
303 1970 515 2035 successibus
531 1970 650 2034 devote
667 1970 803 2057 degens,
816 1971 858 2035 ad
874 1970 1044 2034 destinata
1055 1968 1180 2034 sanctis
1196 1967 1331 2052 praemia

177 2075 384 2158 perveniens,
402 2081 560 2139 aeternam
578 2076 721 2159 accipiat
737 2076 989 2141 beatitudinem.
1034 2074 1109 2139 Per.
