3022 4966
730 440 932 506 Benedictio
949 441 1111 504 necata.

565 787 679 852 ITEM
704 784 765 851 AD
789 785 1051 851 VELANDAM
1074 783 1279 850 VIDUAM.

390 957 585 1034 consolare,
616 958 770 1035 Domine,
801 961 888 1024 hanc
921 958 1209 1024 famulam-tuam
1239 957 1301 1021 ill.
1341 957 1494 1025 viduita

342 1084 481 1127 maerore
497 1065 722 1139 constrictam,
741 1065 829 1128 sicut
852 1063 1019 1128 consolari
1042 1063 1201 1149 dignatus
1217 1080 1255 1124 es
1283 1061 1491 1149 Sarapben

346 1167 481 1230 viduam
497 1188 558 1250 per
571 1166 682 1232 Eliam
698 1167 897 1252 prophetam
912 1191 920 1244 ;
944 1167 1088 1231 concede
1110 1166 1141 1230 ei
1157 1165 1335 1251 pudicitia
1362 1167 1485 1232 fruct
1504 1200 1508 1221 ι

347 1274 386 1333 ut
411 1271 625 1354 antiquarum
658 1291 724 1333 non
756 1271 947 1334 meminerit
976 1270 1210 1356 voluptatum:
1240 1269 1392 1335 nesciat
1428 1271 1492 1336 eti

345 1374 516 1438 incentiva
531 1373 709 1448 desideria,
725 1379 762 1437 ut
787 1372 851 1437 soli
867 1373 930 1437 tibi
950 1373 1073 1438 subdat
1094 1371 1267 1459 proprium
1293 1370 1451 1450 collum,
1468 1394 1506 1458 q.

344 1477 453 1561 possit
476 1499 536 1561 pro
560 1477 731 1541 laboribus
754 1478 859 1542 tantis
886 1477 1133 1563 sexagesimum
1155 1494 1303 1561 granum
1329 1477 1486 1562 percipe

345 1602 468 1645 munus
483 1578 682 1646 delectabile
700 1580 905 1644 sanctitatis.
952 1580 1025 1644 Per.

387 1685 474 1742 Alia.

390 1780 494 1856 Deus,
518 1778 689 1843 castitatis
715 1783 848 1842 amator
870 1783 905 1842 et
935 1777 1149 1841 continentia
1172 1783 1423 1855 conservator,
1452 1798 1511 1842 su

344 1883 558 1972 plicationem
575 1887 726 1945 nostram
743 1880 910 1964 benignus
926 1879 1057 1955 exaudi,
1075 1886 1111 1942 et
1124 1880 1211 1943 hane
1225 1876 1405 1943 famulam
1431 1887 1475 1945 tu
1508 1912 1511 1934 ·

341 1986 393 2049 ill.
412 1985 578 2070 propitius
595 1987 736 2058 intuere,
750 1990 790 2046 ut
804 2003 876 2066 qne
888 2003 949 2067 pro
966 1983 1087 2047 timore
1104 1988 1161 2045 tuo
1178 1980 1410 2047 continentiae
1428 1983 1502 2069 pud

341 2090 456 2152 citiam
468 2089 570 2164 vovit,
583 2094 641 2150 tuo
658 2086 783 2150 auxilio
800 2092 1030 2161 conservetur,
1043 2090 1081 2149 ut
1093 2083 1349 2168 sexagesimum
1368 2085 1509 2152 fructu

347 2190 559 2256 continentiae
577 2194 611 2252 et
627 2190 730 2253 vitam
743 2193 911 2264 aternam,
927 2193 962 2252 te
978 2186 1155 2273 largiente,
1171 2184 1354 2271 percipiat.
1405 2189 1491 2255 Per.

460 2377 626 2442 ORATIO
651 2377 712 2440 AD
734 2376 952 2442 ABBATEM
975 2376 1068 2440 VEL
1089 2373 1393 2440 ABBATISSAM

786 2479 1069 2545 FACIENDAM.

386 2672 549 2746 Concede,
572 2690 773 2754 quaesumus,
797 2670 1010 2752 omnipotens
1034 2667 1135 2743 Deus,
1160 2671 1198 2730 ut
1219 2665 1395 2732 famulum
1422 2676 1511 2737 tun..

344 2776 442 2839 illam
458 2775 511 2837 vel
526 2774 624 2836 illam
641 2792 740 2855 quem
764 2772 805 2835 ad
821 2772 971 2856 regimen
987 2770 1173 2834 animarum
1195 2767 1380 2852 elegimus,
1399 2782 1511 2860 με,

343 2882 408 2940 tua
431 2876 516 2941 dono
540 2873 767 2960 prosequaris,
792 2877 829 2936 ut
852 2880 885 2935 te
907 2873 1086 2957 largiente,
1109 2892 1183 2936 cum
1204 2871 1279 2955 ipsa
1303 2870 1374 2936 tibi
1397 2885 1482 2942 nost
1508 2909 1510 2933 2

346 2979 511 3043 electione
528 2978 733 3061 placeamus.
780 2977 855 3039 Per.

386 3083 473 3139 Alia.

389 3176 491 3252 Deus,
508 3176 685 3239 institutor
700 3181 906 3251 cunctorum,
923 3175 979 3260 qui
995 3196 1057 3260 per
1072 3176 1213 3259 Moysen
1228 3173 1401 3242 famulum
1418 3186 1510 3245 tuuc

345 3280 388 3345 ad
410 3278 646 3364 gubernandae
671 3278 831 3342 ecclesias
854 3279 1052 3363 prepositos
1075 3277 1275 3352 instituisti;
1300 3277 1370 3343 tibi
1394 3302 1511 3366 prece

347 3380 515 3467 supplices
545 3381 727 3457 tundimus,
754 3388 853 3464 teque
884 3382 1015 3445 devotis
1044 3380 1214 3444 mentibus
1245 3399 1451 3462 exoramus,
1483 3409 1505 3450 u

346 3489 433 3550 hunc
458 3485 620 3549 famulum
645 3492 741 3548 tuum
762 3486 863 3548 illam
887 3505 984 3567 quem
1011 3485 1085 3568 (vel
1107 3484 1194 3548 hanc
1220 3481 1389 3550 famulam
1418 3497 1473 3554 tu
1494 3521 1508 3545 o

346 3589 446 3652 illam
470 3588 585 3670 quam)
608 3588 705 3650 hodie
730 3585 851 3650 electio
874 3587 1074 3650 famulorum
1094 3593 1226 3649 tuorum
1251 3584 1421 3653 abbatem
1444 3595 1505 3676 (ce

343 3690 545 3756 famularum
563 3698 697 3753 tuarum
720 3689 942 3772 abbatissam)
959 3689 1068 3752 ovium
1085 3695 1219 3752 tuarum
1243 3707 1317 3751 esse
1344 3690 1492 3760 institui

342 3796 526 3859 clementer
547 3793 729 3877 respicias;
753 3794 892 3879 pietatis
907 3797 972 3856 tues
989 3791 1218 3854 misericordia
1239 3789 1426 3872 illustrcs;
1453 3798 1502 3862 sic

344 3919 408 3984 que
421 3904 517 3981 regat
530 3895 692 3972 subditos,
703 3897 799 3980 quasi
813 3895 1061 3958 commendatos
1072 3914 1135 3956 non
1148 3891 1311 3977 proprios,
1323 3904 1500 3975 quatenu

344 4009 378 4065 te
402 3998 601 4081 opitulante,
618 3997 813 4081 apostolicis
832 3998 962 4081 jugiter
986 3995 1148 4059 doctrinis
1170 3993 1284 4066 fultos,
1301 3995 1414 4062 simul
1441 4022 1506 4064 cuo

344 4103 428 4189 ipsis
459 4103 555 4166 latus
586 4102 660 4183 (cel
690 4102 780 4184 laeta)
812 4107 925 4185 portas
956 4099 1104 4183 paradisi
1135 4098 1290 4170 introeat,
1322 4104 1452 4182 atque,
1503 4133 1508 4155 2

345 4209 500 4280 donante,
525 4213 694 4268 mereatur
717 4205 842 4278 audire,
867 4201 972 4287 Euge,
996 4203 1081 4265 bone
1105 4220 1200 4262 serve
1224 4202 1259 4260 et
1280 4197 1411 4278 fidelis,
1435 4207 1503 4291 qui

346 4327 446 4391 super
469 4329 576 4391 pauca
598 4307 692 4370 luisti
717 4305 835 4381 fidelis,
852 4325 954 4388 supra
977 4301 1084 4365 multa
1107 4306 1140 4364 te
1164 4298 1396 4380 constituam
1423 4308 1477 4372 ine
1500 4354 1503 4360 .

346 4407 379 4468 in
395 4409 552 4492 gaudium
569 4409 691 4472 domini
709 4409 768 4471 tui.
816 4407 908 4490 Quod
924 4408 994 4490 ipse
1010 4405 1069 4468 &c
