3022 4966
540 421 738 486 Benedictio
758 419 875 501 Regis.
1267 413 1330 478 351

176 601 265 679 filiis,
292 611 326 671 et
353 607 466 692 tingat
490 609 523 671 in
551 608 624 672 oleo
651 608 769 692 pedem
797 627 903 670 suum.
951 603 1084 667 Cornua
1112 602 1336 676 rhinocerotis

177 727 302 773 cornua
324 710 428 788 illius,
452 713 486 775 in
513 713 596 797 ipsis
623 712 803 777 ventilabit
828 716 948 794 gentes
975 729 1080 792 usque
1109 709 1151 773 ad
1176 708 1338 772 terminos

176 815 282 886 terrae,
299 814 378 897 quia
393 834 552 878 ascensor
566 814 639 880 coeii
655 813 838 879 auxiliator
853 812 938 895 ejus.
982 812 1047 876 Per
1062 810 1253 876 Dominum.

220 911 301 971 Tune
315 915 394 972 dieat
408 917 501 974 omnis
511 917 713 995 populatarum
727 916 865 994 episcopis
879 915 968 972 tribue
982 914 1100 983 vicibus,

222 1008 325 1072 Vivat
341 1031 399 1074 rex
418 1012 470 1075 itt.
487 1012 522 1074 iu
538 1013 789 1098 sempiternum.

224 1112 269 1174 It.
314 1114 433 1177 Amen.

219 1213 260 1271 Et
279 1217 498 1291 confirmabitur
521 1238 585 1275 cam
610 1217 799 1276 benedictione
823 1215 903 1273 omni
923 1213 1031 1292 popolo
1054 1215 1087 1271 ιη
1109 1213 1180 1271 solio
1204 1214 1294 1288 repeti,
1317 1221 1341 1270 et

181 1309 308 1367 osculant
318 1311 467 1389 principes
482 1313 514 1369 ire
526 1321 729 1390 sempeternum
743 1312 875 1380 etanta,

225 1405 343 1481 Amen,
360 1407 478 1480 Amen,
495 1408 613 1470 Amen.

224 1504 327 1581 Deus,
344 1508 581 1591 perpetuitatis
605 1513 732 1583 auctor,
748 1507 816 1571 dux
839 1508 1001 1571 virtutum
1025 1505 1182 1580 omnium,
1206 1510 1340 1568 cuncto·

182 1627 322 1691 rumque
348 1610 495 1673 hostium
521 1610 843 1690 victor,bene»1‹die
868 1613 957 1675 hune
982 1606 1145 1673 famulum
1172 1613 1266 1671 tuum
1290 1608 1341 1672 itt.

182 1709 244 1773 tibi
276 1731 373 1774 suum
404 1718 505 1797 caput
531 1712 770 1788 inclinantem
802 1713 935 1776 effunde
964 1732 1066 1796 super
1091 1731 1166 1773 eum
1194 1710 1338 1795 gratiam

182 1812 324 1889 firmam,
336 1818 371 1877 et
383 1814 418 1877 in
430 1814 552 1879 militia
563 1816 597 1879 in
614 1838 681 1901 qua
692 1817 856 1900 probatus
869 1815 1037 1889 consistit,
1049 1812 1181 1899 prolixa
1193 1814 1340 1878 sanitate

184 1920 218 1979 et
243 1936 405 2001 prospera
427 1916 592 1984 felicitate
615 1940 690 1983 eum
718 1939 899 1995 conserva;
925 1924 964 1982 ut
987 1918 1176 1999 ubicunque
1199 1915 1253 1978 vei
1281 1936 1342 2001 pro

183 2020 434 2105 quibuscunque
451 2021 613 2086 auxilium
629 2028 724 2088 tuum
740 2022 961 2099 invocaverit,
977 2021 1044 2086 cito
1060 2020 1161 2097 adsis,
1178 2026 1338 2105 protegas

185 2123 404 2190 etdefendas.
450 2125 524 2190 Per.

228 2398 407 2465 Rectitudo
423 2403 515 2486 regis
531 2408 585 2466 est
600 2403 733 2467 noviter
756 2401 912 2478 ordinati,
928 2409 963 2466 et
979 2403 1012 2466 in
1030 2399 1150 2465 solium
1173 2397 1344 2462 sublimati

185 2501 308 2587 populo
323 2503 391 2567 tria
406 2511 575 2588 praecepta
589 2505 652 2568 sibi
670 2505 804 2569 subdito
819 2505 1009 2589 praecipere.

227 2605 398 2690 Inprimis,
424 2610 464 2670 ut
495 2605 638 2672 eeclesia
667 2606 730 2671 Dei
757 2612 793 2671 et
819 2606 928 2669 omnis
952 2602 1097 2690 populns
1128 2601 1343 2666 Christianus

185 2726 299 2770 veram
315 2727 430 2789 pacem
448 2710 621 2772 servent*
638 2708 674 2770 in
691 2707 912 2792 omnipotenti
928 2705 1105 2771 Domino*
1152 2704 1195 2767 R.
1212 2705 1330 2767 Amen.

231 2808 332 2873 Aliud
365 2815 428 2886 est,
457 2816 495 2875 ut
525 2811 732 2896 rapacitates
762 2816 797 2874 et
822 2829 938 2873 omnes
963 2807 1162 2891 iniquitates
1188 2804 1343 2868 omuibus

189 2914 352 2999 gradibus
367 2913 557 2979 interdicat.
602 2915 646 2977 R.
662 2915 780 2977 Amen.

229 3018 381 3082 Tertium
403 3023 465 3093 est,
490 3019 584 3082 utin
608 3018 762 3082 omnibus
780 3015 919 3100 judiciis
942 3013 1132 3097 equitatem
1156 3015 1192 3074 et
1213 3002 1343 3073 miseri·

187 3120 335 3185 cordiam
350 3121 533 3205 precipiat,
550 3126 589 3185 nt
611 3141 672 3205 per
687 3121 750 3185 boc
765 3119 862 3184 nobis
884 3117 1060 3201 indulgeat
1081 3112 1343 3178 misericordiam

188 3245 283 3290 suam
299 3224 445 3290 clemens
461 3230 497 3290 et
511 3225 702 3290 misericors
718 3223 819 3291 Deus.
865 3224 982 3288 Amen.

195 3457 212 3490 ¹·
230 3456 276 3526 lep.
291 3456 321 3510 in
335 3454 412 3510 omni
426 3459 553 3527 tempore.
