3022 4966
215 431 279 494 296
348 434 550 498 Benedictio
567 433 717 514 Lapidis
726 455 795 515 pro
810 434 1051 500 Fundamenta
1069 435 1260 503 Eooleoioe.

262 951 370 1023 From
387 952 441 1023 tlte
458 951 652 1045 Pontifiool
668 953 713 1044 of
723 952 944 1047 Arolibialiop
962 952 1129 1026 Ohioiole

214 1147 437 1197 uunnmc'tlo
461 1149 608 1198 herinis
631 1149 701 1196 PRO
724 1148 974 1199 cunnensium
989 1150 1164 1200 emensus
1188 1150 1396 1207 nochum

453 1253 500 1300 DE
523 1251 621 1301 NOVO
645 1253 914 1302 CONS'PBUDNDAE
937 1253 1127 1303 olumnam.

255 1388 359 1450 Pn'mo
372 1391 527 1468 episcopm,
536 1390 753 1467 pontificalibus
766 1391 893 1462 indutus,
907 1392 1009 1450 stando
1015 1392 1104 1469 juxto
1117 1391 1263 1471 lapidem,
1279 1396 1381 1463 dieat.

256 1485 470 1569 Adjutorium
487 1490 640 1548 nostrum
656 1484 691 1546 in
707 1485 840 1548 nomine
856 1485 1003 1551 Domini.

258 1588 310 1653 Sit
325 1609 445 1651 nomen
462 1587 597 1651 Domini
613 1586 838 1650 benedictum.

257 1689 339 1748 Tunc
362 1697 495 1767 sequatur
516 1689 652 1747 ineniorio
675 1688 737 1746 sirie
763 1691 1032 1764 commemoratione,
1055 1690 1089 1751 de
1118 1689 1225 1750 Sancto
1251 1693 1395 1775 Spiritu,

214 1786 352 1845 videlicet.

257 1881 405 1967 Spiritus
420 1880 555 1945 Domini
570 1878 718 1964 replevit
731 1882 845 1943 orbem
862 1885 1029 1946 terrarum
1045 1884 1100 1948 dic.

252 1984 365 2042 Deinde
380 1983 496 2041 dicatur
515 1983 652 2040 memoria
666 1983 700 2040 de
713 1990 809 2041 coneto
829 1983 871 2040 vel
884 1983 918 2042 de
931 1985 1037 2044 eunctis
1051 1986 1084 2043 in
1103 2005 1227 2063 quornm
1242 1991 1291 2050 vel
1306 1994 1396 2070 arjos

212 2080 314 2137 honore
319 2077 449 2152 fundato
464 2086 502 2135 eat
516 2077 638 2134 ecclesio.

252 2173 361 2244 Quibus
374 2172 470 2241 dictis,
487 2171 566 2228 dicat
579 2172 724 2248 episcopus
738 2172 878 2229 orationes
892 2181 1030 2248 sequentes
1044 2194 1108 2232 cum

254 2267 417 2333 Dominus
432 2267 601 2332 vobiscum
618 2277 649 2330 et
666 2267 817 2331 Oremus.

257 2370 410 2448 Benedic,
427 2369 579 2444 Domine,
595 2376 784 2435 creaturam
800 2371 901 2434 istam
918 2371 1051 2457 lapidis,
1067 2380 1105 2438 ut
1128 2374 1174 2438 sit
1189 2383 1394 2450 remedium

213 2475 362 2541 salutare
378 2474 493 2562 generi
509 2475 666 2551 humano,
682 2479 718 2538 et
741 2481 864 2560 praesta
886 2496 947 2559 per
962 2476 1205 2543 invocationem
1232 2488 1396 2555 nominis

209 2580 270 2657 tui,
294 2586 332 2643 ut
352 2579 539 2664 quicunque
561 2578 602 2642 ad
628 2579 714 2641 hanc
737 2576 913 2643 ecclesiam
937 2579 1162 2645 edificandam
1185 2589 1223 2647 et
1244 2592 1391 2672 perfici.

210 2683 330 2749 endam
358 2703 443 2768 pura
469 2688 582 2746 mente
606 2681 768 2745 auxilium
795 2682 935 2758 dederit,
960 2684 1110 2768 corporis
1134 2685 1331 2758 sanitatem
1357 2703 1395 2763 et

208 2785 325 2850 anima
341 2785 504 2849 medelam
522 2785 696 2868 percipiat.
744 2784 819 2847 Per.

256 2887 337 2946 Tunc
357 2889 500 2965 episcopus
520 2894 659 2964 peiunpot
680 2887 774 2964 ipsum
799 2887 925 2964 lapidem
946 2908 1010 2945 cum
1027 2888 1132 2966 pollice
1150 2910 1201 2948 suo
1226 2892 1263 2951 in
1285 2900 1392 2960 medio

210 2984 395 3062 quadratario
405 3003 459 3059 per
472 2982 586 3039 modum
602 2983 692 3039 crucis
706 3002 770 3039 com
785 2982 945 3054 chrismati,
959 2983 1000 3040 sic
1014 2982 1142 3041 dicendo.

253 3079 460 3144 Consecrare
488 3082 523 3141 et
550 3077 772 3153 sanctificare,
799 3074 942 3141 Domine
968 3076 1072 3153 Deus,
1096 3077 1244 3162 lapidem
1275 3085 1391 3154 istum

209 3182 361 3268 digneris
377 3202 437 3265 per
452 3181 551 3244 istam
577 3186 726 3244 sanctam
744 3179 938 3246 chrismatis
962 3182 1152 3246 unctionem
1169 3189 1205 3249 et
1221 3196 1393 3259 nostram

210 3284 487 3357 benedictionem,
504 3282 536 3344 in
553 3282 680 3346 honore
698 3284 807 3347 sancti
822 3284 866 3348 N.
913 3284 952 3347 ln
968 3284 1101 3349 nomine
1114 3286 1230 3352 Patris
1246 3298 1287 3357 et
1304 3295 1392 3362 Filii

210 3394 246 3453 et
262 3388 408 3472 Spiritus
425 3386 552 3450 Sancti.
596 3387 713 3449 Amen.

254 3493 324 3558 fax
341 3490 413 3555 tibi.

252 3596 296 3659 R.
341 3593 388 3657 Et
402 3615 476 3657 cum
490 3594 613 3678 spiritu
629 3598 696 3657 tuo.

249 3698 298 3757 Ec
311 3706 377 3754 tunc
390 3697 469 3754 dicat
483 3697 627 3773 episcopos
641 3696 715 3753 lianc
729 3699 895 3756 orationem.

252 3793 300 3858 'l'e
322 3793 431 3857 Deum
456 3791 591 3856 Patrem
615 3791 875 3876 omnipotentem
899 3792 1099 3879 suppliciter
1120 3787 1322 3887 exoramus,
1345 3819 1388 3879 ue

208 3897 417 3970 benedicere,
456 3893 706 3981 sanctiffliicare
745 3899 780 3958 et
817 3902 1054 3982 consecfflrare
1092 3896 1246 3983 digneris
1287 3909 1388 3982 hunc

206 3998 352 4083 lapidem
364 3998 399 4061 in
411 3997 537 4061 honore
547 3997 655 4060 sancti
665 3996 709 4059 N.
723 4002 758 4061 et
770 3998 879 4061 sancti
894 3997 1092 4076 salvatoris,
1103 4001 1159 4084 qui
1172 4009 1387 4091 prophetice

207 4101 404 4187 angularem
421 4120 457 4163 se
473 4099 582 4163 voluit
598 4099 711 4162 vocari
735 4098 892 4182 lapidem,
907 4099 929 4163 J
931 4121 1011 4164 esus
1034 4101 1192 4168 Christus
1208 4104 1392 4187 Domina.

207 4211 333 4279 noster,
349 4202 411 4287 Qui
434 4223 507 4266 cum
523 4200 595 4265 Deo
620 4202 721 4266 Patre
737 4209 773 4266 et
797 4202 927 4286 Spiritu
944 4201 1067 4269 Sancto
1091 4205 1175 4270 vivit
1190 4215 1227 4276 et
1249 4233 1388 4310 regnat

207 4309 311 4385 Deus,
327 4309 392 4372 Per
407 4307 519 4371 omnia
535 4305 655 4372 saecula
672 4306 876 4372 seculorum.
922 4308 1040 4373 Amen.
