3022 4966
195 416 240 491 8⁰
591 421 777 492 Mauso
791 422 965 494 retenta.

240 620 464 711 offertorium.
510 625 653 694 Domine
668 627 770 706 Deus,
786 629 820 694 in
837 627 1052 713 simplicitate
1066 624 1187 694 cordis.

238 729 389 796 Secreta.
433 729 536 808 Deus,
551 732 608 816 qui
632 731 870 798 sacrandorum
892 732 955 797 tibi
977 737 1148 796 auctores
1168 748 1355 806 muncrum,

195 833 327 898 effunde
350 853 452 919 super
465 834 550 899 hanc
572 835 735 900 orationis
757 835 890 899 domum
913 834 1176 898 benedictionem
1196 837 1301 907 tuam,
1315 835 1358 896 ut

194 943 238 1007 ab
248 941 400 1007 omnibus
411 942 642 1008 invocantibus
651 965 771 1009 nomeu
782 952 889 1020 tuum,
900 942 1104 1008 defensionis
1115 947 1180 1007 tuae
1192 940 1356 1007 auxilinm

195 1044 371 1111 sentiatur.
416 1045 481 1110 Per
494 1044 682 1111 Dominum.

239 1148 450 1215 Benedictio.
505 1147 723 1234 Omnipotens
748 1147 851 1226 Deus,
876 1147 933 1233 qui
959 1168 1021 1214 nos
1046 1147 1208 1213 hodierna
1230 1143 1284 1209 die
1309 1143 1356 1209 ad

194 1247 435 1315 dedicationem
449 1249 549 1316 istius
563 1250 647 1316 aulae
661 1250 819 1336 diguatus
834 1270 872 1315 es
891 1251 1049 1328 adunam,
1064 1251 1136 1337 ipse
1150 1267 1213 1314 nos
1226 1245 1356 1314 coelesti

194 1354 422 1420 benedictione
436 1354 594 1440 dignetur
607 1353 822 1439 locupletare.
869 1355 984 1420 Amen.

251 1455 485 1543 Concedatque
514 1457 611 1523 nobis
639 1457 713 1520 fieri
743 1456 905 1542 templum
935 1478 1032 1521 suum
1061 1461 1097 1521 et
1125 1451 1354 1520 habitaculum

196 1560 340 1647 Spiritus
356 1559 481 1639 Sancti,
496 1560 553 1645 qui
568 1560 738 1645 proprium
754 1558 877 1624 Filium
895 1580 991 1624 suum
1009 1558 1187 1624 Dominum
1201 1562 1355 1622 nostrum

194 1662 215 1729 J
217 1683 310 1728 esum
325 1661 496 1729 Christum
512 1682 572 1748 pro
588 1661 684 1726 uobis
700 1660 806 1746 elegit
820 1660 997 1726 immolari.
1041 1661 1158 1725 Amen.

238 1763 409 1850 Quatenus
423 1769 534 1828 mente
550 1767 585 1828 ct
599 1782 737 1847 wrpore
751 1761 928 1848 purificati,
943 1761 1165 1828 habitatorem
1187 1759 1295 1825 Deum
1317 1759 1354 1825 in

194 1865 442 1952 vobismetipsis
463 1884 596 1949 semper
616 1864 739 1929 hahere
761 1865 910 1951 possitis,
924 1870 962 1932 et
981 1870 1112 1930 aeternae
1133 1861 1355 1930 beatitudinis

194 1967 421 2033 hereditatem
436 1986 510 2029 cum
526 1964 652 2030 sanctis
666 1971 703 2031 et
716 1966 834 2034 clectis
849 1968 920 2032 suis
933 1967 1146 2054 possideatis.
1189 1967 1307 2032 Amen.

237 2070 330 2157 Quod
345 2069 416 2155 ipse
431 2072 590 2154 prestare
603 2067 770 2154 dignetur.

236 2173 443 2239 Oommaaio.
486 2170 614 2236 Domus
628 2191 703 2236 mea
716 2171 834 2237 domus
848 2171 1009 2237 orationis
1024 2171 1208 2236 vocabitur.

237 2275 520 2342 Posteommooio.
563 2272 764 2360 Multiplica‚
790 2295 988 2360 quesumus,
1014 2273 1164 2352 Domine,
1190 2293 1250 2360 per
1278 2273 1351 2342 hae

194 2382 312 2445 sancta
333 2399 404 2463 quae
427 2377 628 2463 sumpsimus
649 2377 684 2440 in
705 2376 880 2443 animabus
901 2376 1026 2441 nostris
1048 2376 1224 2443 veritatem
1245 2383 1353 2456 tuam,

195 2486 235 2549 ut
248 2487 283 2548 te
300 2479 430 2568 jugiter
443 2479 478 2543 in
498 2479 623 2566 templo
639 2485 755 2545 sancto
770 2486 831 2546 tuo
852 2480 1039 2557 adoremus,
1055 2483 1092 2545 et
1112 2481 1146 2544 in
1169 2487 1353 2565 conspectu

194 2591 253 2651 tuo
268 2606 341 2651 cum
365 2582 490 2649 sanctis
504 2583 658 2650 omnibus
678 2582 871 2671 gloriemur.
915 2583 981 2649 Per
1000 2581 1177 2649 Dominum
1199 2587 1351 2650 nostrum

194 2686 215 2754 J
218 2709 311 2761 esum
327 2685 505 2757 Christum.
