3022 4966
200 407 264 471 136
572 410 770 473 Benedictio
790 410 989 490 Campano.

198 611 354 688 sedatum
385 617 433 687 tu,
459 635 657 697 quaesumus,
684 613 923 678 sanctificando
954 611 1016 674 hoc
1046 607 1159 673 thuris
1186 605 1360 668 incensum

199 714 457 778 necessitatibus
472 715 586 798 populi
608 715 657 780 tui
673 716 837 801 benignus
858 733 1033 788 succurre;
1056 717 1095 775 tu
1117 709 1180 772 hoc
1200 706 1362 773 tintinna·

200 815 315 880 bulum
339 817 483 901 Spiritus
507 818 619 881 Sancti
641 839 717 881 rore
740 818 920 903 perfunde3
944 822 993 891 ut,
1014 811 1242 878 intercedente
1264 810 1364 873 beato

201 917 257 992 Ν.,
273 924 351 983 aute
374 920 519 982 sonitum
541 919 633 984 illius
655 941 786 1005 semper
807 920 918 1006 fugiat
939 917 1111 991 inimicus3
1135 913 1299 977 invitetur
1319 909 1362 974 ad

201 1020 300 1084 fidem
320 1021 462 1105 populus
484 1021 714 1098 Christianum
738 1023 873 1087 hostilis
889 1027 1057 1087 terreatur
1072 1016 1261 1090 exercitus3
1285 1034 1362 1078 con·

201 1123 348 1186 fortetur
362 1124 396 1186 in
413 1124 555 1187 Domino
570 1146 630 1209 per
652 1125 734 1188 illud
751 1125 895 1209 populus
911 1128 1088 1197 evocatus;
1112 1121 1225 1203 sicque
1249 1123 1287 1181 ut
1302 1135 1363 1199 per

203 1225 397 1291 Davidicam
413 1226 577 1290 citharam
599 1227 795 1304 delectatus,
813 1249 1003 1313 supereum
1019 1223 1202 1289 descendat
1217 1219 1363 1306 Spiritus

206 1327 358 1404 Sanetus,
383 1336 421 1392 ut
450 1350 547 1412 quem
579 1329 732 1394 Samuele
759 1330 945 1414 lanigerum
977 1348 1100 1412 agnum
1130 1330 1298 1388 mactante
1328 1320 1364 1384 in

204 1429 435 1494 holocaustum
451 1438 519 1507 tuo,
536 1453 594 1495 rex
610 1440 742 1507 eterne,
759 1432 908 1516 imperio,
924 1432 1039 1516 fragor
1058 1448 1214 1493 aurarum
1231 1424 1364 1490 turbam

202 1531 329 1617 repulit
350 1532 601 1597 adversantem:
625 1534 674 1598 ita
699 1535 777 1598 dum
800 1537 900 1619 hujus
924 1533 1049 1599 vasculi
1076 1531 1205 1595 sonitus
1228 1524 1365 1592 transiit

203 1658 264 1722 per
289 1636 414 1712 nubila,
442 1637 588 1701 ecelesiae
618 1645 818 1703 conventum
847 1660 966 1703 manus
997 1639 1173 1701 conservet
1198 1629 1361 1715 angelica,

202 1739 319 1824 fruges
334 1738 538 1802 credentium
559 1746 595 1804 et
608 1749 738 1804 mentes
761 1747 796 1805 et
810 1762 950 1825 corpora
966 1739 1076 1805 salvet
1097 1737 1262 1823 protectio
1277 1755 1363 1798 sem·

203 1842 346 1926 piterua.
391 1840 456 1902 Per
478 1847 521 1916 te,
539 1841 682 1918 Christe,
700 1843 855 1908 Salvator
877 1843 1002 1906 mundi.
1046 1841 1198 1926 Quicum
1214 1839 1365 1903 Patreet

205 1943 321 2006 eodem
338 1941 465 2024 Spiritu
482 1942 615 2009 Sancto.

247 2043 327 2100 Yunc
341 2043 447 2099 clevato
460 2064 549 2101 mona
562 2044 704 2103 betmdc'cct
717 2047 860 2124 episcopus
873 2046 986 2122 cippum
1000 2044 1129 2113 ecclesia,
1142 2041 1261 2100 dicendo
1272 2040 1323 2098 tic.

248 2136 441 2201 Benedictio
464 2136 526 2201 Dei
550 2138 662 2203 Patris
685 2140 836 2225 ingeniti,
858 2147 959 2224 atque
982 2139 1059 2204 Filii
1081 2138 1154 2221 ejus
1179 2135 1366 2221 Unigeniti,

205 2259 334 2304 necnon
351 2237 495 2322 Spiritus
520 2239 634 2305 Sancti
649 2243 692 2307 ab
708 2249 849 2327 utroque
872 2243 1093 2329 procedentis,
1111 2259 1242 2324 semper
1264 2258 1367 2323 super

206 2341 268 2405 hoe
290 2341 552 2406 tintinnabulum
577 2351 712 2410 maneat
738 2346 780 2411 ad
803 2346 990 2410 evocandos
1012 2343 1129 2408 fideles
1151 2342 1193 2407 ad
1216 2341 1365 2406 divinum

206 2443 333 2509 cultum
356 2451 391 2507 et
413 2445 626 2531 effugandum
649 2454 684 2513 et
706 2449 961 2534 expugnandum
988 2468 1105 2512 aereas
1126 2450 1313 2531 potestates
1328 2450 1365 2510 et

206 2552 436 2634 tempestates.
480 2549 545 2614 Per
559 2551 671 2616 omnia
685 2551 807 2616 saecula
821 2551 1026 2617 saeculorum.
1071 2551 1188 2614 Amen.
