3022 4966
237 390 285 457 ’68
637 389 823 455 Dedioctto
838 386 1012 454 declama

285 592 420 670 Sequitur
433 593 524 651 oratio
538 595 571 652 in
584 593 677 653 audio
690 595 817 654 ecclesie.

289 687 451 752 Dominus
467 689 645 753 vobiscum.

291 788 394 865 Deus,
416 790 473 873 qui
498 792 587 856 inter
612 790 794 856 coelestinm
818 790 982 856 visionum
1006 809 1139 865 arcana,
1161 808 1233 871 qua
1257 781 1408 868 pretioso

247 893 358 957 sibiet
373 893 551 977 specialius
566 893 688 958 dilecto
702 894 723 959 J
725 895 847 959 ohanni
863 893 1031 969 revelasti,
1042 892 1105 956 sibi
1121 891 1221 954 etiam
1236 886 1409 951 civitatem

250 998 435 1072 ostendisti,
460 999 555 1081 cujus
581 998 699 1083 platea
722 1020 804 1062 auro
830 1003 990 1082 teguntur
1015 995 1231 1059 mundissimo
1258 996 1293 1055 ct
1317 1008 1411 1073 gem-

251 1121 381 1164 marum
410 1100 541 1185 fulgore
571 1108 713 1167 vernant
742 1103 804 1167 tibi
836 1109 1018 1188 perpctno;
1048 1106 1144 1182 cujus
1173 1098 1274 1161 etiam
1304 1097 1409 1178 portae

253 1205 446 1288 margaritis
479 1207 588 1271 nitent
620 1207 881 1290 pretiosissimis,
911 1226 1099 1290 quaesumus
1129 1209 1168 1267 ut
1199 1203 1268 1264 hoec
1297 1195 1412 1262 omnia

254 1317 448 1372 ornamenta
469 1310 670 1393 magnifices,
687 1311 741 1373 bic
764 1310 984 1394 spiritualiter
998 1309 1103 1372 facias
1126 1306 1247 1379 lucere,
1263 1308 1297 1366 et
1318 1298 1413 1386 pavi·

254 1410 357 1473 menti
374 1412 472 1495 hujus
495 1413 743 1496 amplitudinem
764 1414 959 1488 benedicas;
983 1411 1122 1475 concede
1145 1426 1286 1492 quoque,
1301 1400 1414 1485 utqui

256 1517 289 1575 te
321 1534 420 1597 super
449 1517 511 1578 hoc
540 1517 765 1598 pavimentum
795 1516 1030 1589 invocaverint,
1056 1511 1281 1575 intercedente
1310 1507 1414 1569 beata

256 1613 368 1679 Maria
393 1636 467 1679 eum
491 1618 643 1681 omnibus
665 1619 798 1694 sanctis,
821 1619 864 1682 ab
886 1615 1015 1702 angelis
1037 1615 1107 1678 tuis
1128 1616 1296 1684 tucantur,
1320 1613 1355 1671 et
1377 1607 1414 1669 in

257 1716 335 1782 aula
364 1718 490 1782 coelesti
517 1722 735 1785 ascribantur.
779 1721 854 1785 Hoc
882 1722 916 1785 in
944 1721 1016 1785 loco
1043 1720 1137 1804 plebs
1166 1724 1235 1792 tua,
1260 1714 1415 1788 Domine,

259 1840 379 1884 manna
402 1822 527 1886 coelesti
549 1824 719 1887 reficiatur
733 1831 768 1889 et
782 1826 822 1887 de
846 1825 1030 1909 spiritualis
1045 1831 1146 1908 petra
1169 1842 1253 1886 vena
1267 1821 1415 1902 potetur.

259 1921 326 1985 Hic
350 1921 444 2006 lepra
469 1926 641 2009 omnisque
671 1925 786 1990 illuvio
817 1927 953 1991 sceleris
980 1949 1001 1990 a
1027 1933 1060 1990 te
1088 1946 1215 1988 summo
1242 1921 1415 1987 sacerdote

259 2021 457 2089 eliminetur.
513 2028 578 2091 Hic
616 2029 753 2094 fimbriis
786 2031 857 2113 jam
895 2029 1125 2093 misericordiae
1163 2034 1226 2091 tuae
1263 2025 1416 2089 infirmus

260 2128 401 2211 quisque
427 2129 607 2195 adveniens
633 2137 752 2217 tangat
777 2140 811 2196 at
836 2133 993 2197 salvetur.
1038 2132 1088 2196 De
1114 2130 1259 2194 sacrario
1283 2146 1417 2211 quoque
1503 2172 1510 2179 -

261 2238 383 2293 sanctae
407 2237 471 2295 tuae
493 2234 714 2297 exauditionis
735 2234 800 2298 huc
822 2236 1014 2299 transmitte
1039 2235 1225 2298 antidotum
1247 2230 1420 2295 reconcili-

262 2331 419 2408 ationis;¹
436 2334 481 2398 sit
509 2336 562 2398 hic
593 2336 633 2399 ad
665 2343 698 2400 te
729 2337 994 2422 confugientibus
1024 2337 1164 2419 asylum,
1191 2339 1225 2398 et
1255 2333 1419 2396 virtutum

262 2435 407 2497 omnium
437 2437 685 2522 apparitorium.
729 2440 855 2504 Praesta
883 2461 1023 2524 quoque,
1053 2439 1204 2513 Domino,
1233 2442 1271 2500 ut
1299 2435 1354 2499 hio
1384 2440 1421 2500 to

263 2539 441 2604 adorantes
464 2546 499 2604 et
521 2542 689 2607 adoraturi
706 2565 820 2608 omnes
843 2545 1097 2628 prosperitatem
1120 2546 1362 2625 assequantur3
1386 2545 1426 2604 et

264 2647 342 2724 post
357 2644 431 2707 vitae
446 2643 545 2708 istius
560 2666 692 2709 cursum
709 2647 836 2710 meritis
850 2647 955 2711 beatae
972 2646 1087 2710 Maria
1103 2645 1191 2708 inter
1206 2643 1423 2726 splendentes

264 2745 408 2811 coelcstis
432 2748 530 2811 curia
554 2749 707 2813 cobortes
732 2750 829 2813 stolis
855 2751 1061 2835 sempiterna
1083 2746 1301 2832 jocunditatis
1323 2744 1422 2808 indu-

264 2855 374 2911 antur.
419 2850 484 2913 Per
498 2850 686 2916 Dominum.

307 2953 450 3017 Itidem.
496 2953 646 3018 Oramus.

309 3056 632 3139 Flectamusgenua.
676 3056 812 3121 Levate.

312 3162 444 3224 Oratio.
496 3159 588 3222 Deus
618 3159 674 3241 qui
705 3158 777 3223 loca
807 3159 929 3222 nomini
960 3164 1019 3223 tuo
1049 3157 1189 3223 dicanda
1219 3155 1423 3235 sanctificas,

267 3269 398 3334 effunde
429 3287 528 3350 super
551 3268 635 3329 hane
662 3267 821 3328 orationis
851 3265 981 3329 domum
1008 3266 1151 3351 gratiam
1182 3270 1284 3340 tuam,
1312 3269 1350 3327 ut
1378 3265 1425 3328 ab

267 3372 419 3437 omnibus
435 3369 488 3432 hic
508 3368 739 3433 invocantibus
754 3388 873 3431 nomen
888 3376 993 3445 tuum,
1009 3368 1168 3433 auxilium
1190 3366 1425 3432 misericordias

268 3483 334 3540 tum
351 3473 524 3536 sentiatur.
568 3472 633 3534 Per
646 3471 834 3534 Dominum.

310 3578 450 3642 Iterum.
495 3575 643 3639 Oremus.

311 3681 501 3745 Fleotamus
513 3698 633 3761 genua.
676 3676 811 3741 Levate.

320 3786 451 3848 Oratio.
510 3781 612 3855 Deus,
650 3779 945 3843 sanctificationum
984 3778 1192 3861 omnipotens
1228 3778 1428 3858 dominator,

271 3890 365 3971 cujus
390 3887 496 3970 pietas
518 3885 588 3946 sinc
613 3885 677 3948 fiac
702 3883 846 3947 sentitur
855 3907 863 3959 ;
887 3883 989 3957 Deus,
1012 3883 1067 3965 qui
1095 3881 1241 3946 coelestia
1264 3881 1362 3946 simul
1390 3890 1428 3949 et

271 3997 404 4056 terrena
430 3986 621 4061 moderaris,
649 4006 785 4049 servans
812 3985 1067 4048 misericordiam
1095 3991 1186 4048 tuam
1218 3984 1427 4069 populatus

272 4092 453 4158 ambulanti
465 4098 542 4155 ante
553 4096 761 4174 conspectum
772 4090 885 4176 gloriae
896 4095 958 4152 tuae
969 4113 977 4165 ;
1001 4088 1119 4152 exaudi
1130 4110 1244 4172 preces
1256 4109 1428 4154 servorum

272 4204 414 4269 tuorum,
431 4198 466 4257 ct
485 4201 605 4277 prasta
619 4198 658 4256 ut
680 4192 747 4256 sint
762 4192 848 4256 oculi
865 4192 912 4255 tui
932 4191 1038 4275 aperti
1055 4212 1156 4274 super
1177 4191 1307 4254 domum
1324 4191 1428 4258 istam

273 4300 324 4364 die
341 4321 379 4364 ao
396 4301 512 4363 nocte:
536 4296 620 4360 hano
643 4317 771 4380 quoque
795 4294 966 4361 basilicam
982 4294 1015 4358 iu
1039 4294 1163 4359 honore
1180 4293 1285 4359 sancti
1308 4293 1358 4359 tui
1381 4293 1428 4361 N.
