3022 4966
567 450 772 511 Ordinatioa
791 444 896 507 Lista.
1241 433 1302 495 367

204 619 365 683 Ricardus
382 620 516 684 Wilson
534 621 575 685 ad
592 619 729 696 titulum
746 619 864 681 domus
880 614 1075 679 monialium
1092 611 1132 674 de
1149 606 1299 673 Marrike

204 724 411 788 Laurentius
428 724 602 808 Herryson
617 724 658 788 ad
674 722 810 786 titulum
823 719 1019 784 monasterii
1037 717 1077 781 de
1090 712 1190 777 Valle
1204 708 1310 795 regali

204 827 373 891 Henrious
390 829 539 891 Pereson
556 829 598 892 ad
614 826 750 892 titulum
768 826 886 890 domus
903 823 1096 887 monialium
1114 820 1154 881 de
1171 814 1302 880 Marrik

205 929 389 994 Edwardus
422 932 599 996 Middilton
635 931 677 996 ad
710 928 847 993 titulum
882 928 1002 991 domus
1036 923 1232 988 monialium
1266 918 1306 982 de

1047 1026 1305 1108 Clementhorpe

201 1139 348 1203 Thomas
366 1139 544 1204 Starterell
561 1141 603 1203 ad
620 1139 755 1203 titulum
773 1137 945 1220 prioratus
960 1134 1000 1196 de
1019 1129 1251 1196 Birkehewide

204 1242 369 1306 Ricardus
386 1243 500 1326 Smyth
519 1244 561 1307 ad
578 1241 714 1308 titulum
732 1243 903 1326 prioratus
918 1239 959 1301 do
975 1233 1158 1301 Cartemell

204 1343 387 1409 Wilfridus
404 1347 609 1431 Soatergode
626 1348 667 1411 ad
683 1346 821 1412 titulum
839 1345 1012 1429 prioratus
1028 1343 1067 1406 de
1085 1334 1265 1403 Cartemell

206 1449 373 1535 Georgius
391 1450 565 1535 Singleton
583 1452 625 1515 ad
641 1452 777 1515 titulum
795 1452 964 1535 prioratus
980 1447 1020 1510 de
1037 1441 1245 1508 Cokirsannd

206 1553 371 1619 Ricardus
388 1556 532 1620 Hudson
550 1557 591 1620 ad
608 1556 743 1620 titulum
761 1557 933 1640 prioratus
948 1553 989 1615 de
1006 1547 1188 1616 Cartemell

208 1657 403 1722 wiliermus
419 1643 630 1723 animatae
647 1662 687 1724 aa
705 1660 841 1724 arulum
859 1655 1056 1722 monasterii
1074 1655 1114 1718 a
1130 1652 1253 1736 Heppa

207 1761 356 1825 Jacobus
372 1762 532 1846 Tailyour
548 1764 589 1828 ad
605 1764 743 1828 titulum
761 1763 958 1827 monasterii
975 1762 1015 1824 de
1031 1756 1250 1842 Oonysheude

207 1865 381 1930 Johannes
397 1866 546 1932 Aianson
563 1869 605 1932 ad
621 1869 757 1932 titulum
775 1866 973 1932 monasterii
989 1865 1030 1928 do
1046 1861 1254 1929 Ookirsaund

208 1970 350 2034 Otuelns
366 1971 522 2056 Bellorby
539 1973 581 2036 ad
597 1972 733 2037 titulum
750 1972 945 2036 monasterii
961 1972 1001 2035 de
1016 1968 1168 2033 Jerovall

208 2075 384 2140 Mattheus
403 2076 533 2141 Wilson
550 2078 592 2142 ad
609 2077 745 2142 titulum
761 2079 881 2141 domus
897 2075 1092 2139 monialium
1108 2073 1150 2137 de
1166 2071 1297 2137 Marrik

208 2178 401 2242 Alexander
430 2180 618 2244 Fowsoroft
648 2181 690 2244 ad
721 2181 859 2245 titulum
893 2180 1012 2244 domus
1042 2177 1241 2243 monasterii
1271 2175 1312 2239 do

1105 2281 1333 2346 Cokirsaund'

212 2385 473 2473 Christopherus
489 2390 659 2474 Burghtes
675 2391 716 2455 ad
733 2390 871 2455 titulum
889 2391 1061 2475 prioratus
1076 2387 1116 2450 de
1133 2386 1247 2469 Felley

213 2488 474 2575 Christopherus
498 2495 676 2578 Mighalgh
701 2496 743 2559 ad
768 2495 903 2558 titulum
927 2493 1122 2557 monasterii
1140 2491 1181 2554 de
1204 2490 1317 2552 Ookir-

1209 2593 1314 2656 sannd

90 2692 96 2703 “
216 2695 399 2759 Edwardus
416 2698 516 2761 Prata
533 2698 574 2762 ad
591 2697 727 2762 titulum
743 2700 861 2763 domus
877 2699 1072 2763 monialium
1090 2698 1130 2760 de
1146 2696 1298 2760 Elierton

217 2801 382 2867 Ricardus
400 2804 531 2868 Turner
546 2805 587 2870 ad
605 2806 739 2868 titulum
756 2808 929 2891 prioratus
944 2807 984 2871 de
1001 2805 1114 2889 Felley

218 2905 251 2968 11
267 2904 333 2967 will
352 2907 391 2969 be
409 2929 489 2971 seen
507 2908 631 2972 thatin
650 2911 706 2972 the
723 2910 827 2973 above
845 2910 905 2974 list
921 2912 1016 2975 there
1033 2931 1121 2974 were
1137 2908 1296 2973 ordained

216 3008 374 3092 Aoolytes
505 3011 546 3072 42
631 3012 667 3074 of
680 3007 786 3076 whom
959 3012 1260 3099 lwasaregular.

217 3111 431 3176 Subdeaeons
508 3115 550 3178 30
934 3121 973 3181 11
992 3139 1080 3181 wera
1096 3117 1259 3202 regulare.

217 3215 371 3279 Deaoons
507 3218 549 3280 50

219 3321 346 3384 Priests
507 3325 547 3385 62
584 3312 586 3319 ’
639 3375 803 3389 ......

510 3458 668 3520 184
942 3465 981 3528 37
1076 3517 1095 3529 ..

219 3561 253 3625 It
268 3584 341 3645 may
359 3563 398 3625 be
416 3561 519 3626 worth
539 3560 637 3625 while
653 3570 688 3625 to
713 3563 842 3645 suhjoin
860 3566 917 3628 the
934 3569 1095 3631 numbers
1116 3569 1273 3633 ordained
1291 3571 1324 3632 in
1453 3597 1456 3604 ·

178 3667 311 3729 various
325 3686 424 3748 years
440 3665 542 3728 taken
558 3665 674 3750 nearly
691 3673 725 3730 at
744 3668 881 3731 random
898 3670 982 3733 from
1000 3672 1055 3735 the
1072 3675 1245 3758 registers.

219 3769 289 3831 The
305 3770 381 3832 first
398 3768 456 3831 list
480 3769 508 3831 is
524 3769 558 3831 in
575 3770 787 3855 Arohbishop
805 3771 962 3838 Giffard's
986 3774 1164 3861 Register;
1188 3777 1265 3840 hohi
1289 3783 1325 3840 at

177 3871 276 3956 Blyth
293 3893 334 3935 on
352 3871 444 3955 Sept.
460 3872 514 3934 20.
533 3872 658 3938 lura-4

220 3977 330 4040 There
348 3997 434 4039 were
450 3975 609 4039 ordained

394 4078 552 4162 Aeolytes
656 4084 718 4144 149

394 4183 607 4247 Subdeaeons
675 4188 717 4248 40

327 4334 331 4340 .
394 4288 545 4351 Deacons
671 4290 711 4356 77
758 4293 794 4355 of
807 4295 913 4359 whom
960 4298 1002 4361 35
1055 4299 1320 4383 weroregutars.

393 4392 526 4457 Priests
657 4395 712 4487 {37
955 4404 996 4464 38

665 4483 732 4580 35'3
939 4493 1013 4587 a*
