3022 4966
230 396 272 457 40
594 361 777 462 Ordinatio
793 404 1026 464 Socer-dotum.

274 599 372 657 Postea
392 601 544 678 episcopiis,
565 602 697 679 depositis
717 604 878 662 chirothecis
899 614 923 663 et
945 613 1083 682 resumpto
1102 605 1219 677 annulo,
1239 605 1341 678 sedent,
1362 617 1386 664 et

231 713 355 769 capam
378 695 495 752 tobollio
518 717 602 774 snper
624 719 723 773 petino,
746 700 870 776 accepiet
894 700 983 757 oleum
1007 707 1144 768 sunctum,
1167 700 1215 757 cni
1236 700 1387 758 misceatur

229 787 361 859 olnismo,
376 810 472 866 proco
486 792 560 868 qnod
573 793 604 850 in
622 795 824 851 cornecrntione
837 794 998 852 chrismatis
1013 794 1050 867 fit
1064 795 1168 852 mentio
1189 794 1222 852 de
1236 794 1383 853 ordinibus

228 884 419 942 ecclesiasticis
441 907 495 963 per
521 888 615 965 ipsum
637 889 827 965 perficiendis.
870 888 912 946 Et
931 889 1027 962 societ
1055 910 1147 947 cruces
1173 911 1256 968 snper
1286 891 1384 948 ambas

229 997 330 1035 manns
348 999 366 1035 o
378 980 479 1056 pollice
499 980 594 1039 deoctro
607 1003 691 1059 usqne
711 983 750 1040 cd
768 984 890 1040 indicem
910 984 1058 1041 sinistnnn
1072 991 1097 1040 et
1110 1004 1128 1040 o
1145 984 1249 1061 pollice
1268 985 1384 1043 sinistro

229 1071 268 1128 ud
280 1072 404 1131 indicem
417 1074 554 1146 deoctrnm,
569 1076 698 1152 dicatque
711 1077 832 1153 sinpnlis
846 1102 855 1135 :

268 1164 468 1233 consecrare
490 1175 525 1233 et
547 1171 793 1250 saneti-kficare
815 1171 973 1256 digneris,
990 1170 1140 1247 Domine,
1157 1193 1275 1236 manus
1297 1174 1381 1237 istas

223 1288 284 1350 per
309 1269 406 1333 istam
433 1273 620 1335 unctionem
647 1280 681 1335 et
707 1279 854 1338 nostram
881 1273 1195 1351 benet1⁴diotiouem3
1226 1281 1265 1340 ut
1294 1297 1379 1359 quae·

223 1393 350 1456 cunque
388 1377 663 1452 consecraverint,
698 1383 941 1451 consecrentur,
975 1382 1009 1441 et
1046 1398 1245 1462 quacunque
1283 1380 1381 1443 bene-

223 1475 376 1553 dixerint,
400 1478 636 1543 benedicantur
660 1488 694 1543 et
721 1480 976 1543 sanctificentur.
1023 1479 1061 1542 Iu
1090 1479 1220 1543 nomine
1246 1478 1379 1543 Domini

222 1575 243 1640 J
246 1600 305 1643 esu
321 1579 456 1645 Christi.

262 1682 325 1740 Hoc
329 1682 419 1757 sacto,
433 1692 532 1741 andus
546 1693 633 1759 renunt
647 1685 742 1741 ambos
756 1703 865 1741 rnonns.
909 1682 951 1740 Et
962 1691 1057 1760 posteo
1077 1685 1220 1761 episcopm
1234 1680 1319 1763 [louet
1334 1683 1373 1763 et]

222 1783 310 1850 teryot
323 1796 424 1834 monus
436 1798 510 1847 snos,
527 1787 551 1835 et
565 1778 688 1855 occipiat
707 1786 839 1854 patenum
852 1798 915 1835 crem
936 1777 1034 1834 oblat-is
1048 1786 1073 1835 et
1087 1777 1202 1835 culicem
1216 1798 1280 1836 cnm
1299 1778 1375 1847 uino,

222 1878 247 1927 et
269 1870 314 1928 det
337 1871 456 1946 sinpnlis
480 1872 554 1928 inter
576 1872 683 1929 indices
709 1880 734 1928 et
761 1872 878 1930 medicos
906 1891 1028 1948 cnppm
1051 1872 1149 1930 culicis
1172 1892 1235 1929 cnm
1259 1880 1374 1948 patena,

221 1965 426 2023 rernanentibns
440 1966 570 2023 monibus
583 1967 683 2035 unctis,
697 1966 740 2024 ito
754 1967 848 2024 dicens
862 1991 871 2024 :

263 2059 383 2143 Accipe
398 2065 598 2143 potestatem
615 2062 733 2124 offerre
758 2061 954 2125 sacrificium
970 2061 1050 2138 Deo,
1067 2062 1266 2144 missamque
1291 2061 1374 2124 cele-

218 2160 325 2235 brare,
342 2168 408 2224 tarn
427 2183 483 2245 pro
502 2161 585 2224 vivis
607 2182 705 2243 quam
729 2184 788 2246 pro
811 2162 984 2227 defunctis.
1030 2164 1068 2226 In
1093 2164 1223 2226 nomine
1240 2163 1372 2226 Domini

219 2260 300 2326 lesu
318 2261 451 2327 Christi.

268 2365 358 2428 Tunc
373 2368 520 2428 dicotur.

263 2465 424 2530 Dominus
437 2469 613 2532 vobiscum.
660 2469 807 2533 Oremus.

260 2569 445 2648 Oantetnrqne
455 2571 611 2647 Offerendo‚
619 2580 814 2649 ponunturque
825 2580 862 2630 tot
872 2573 976 2645 ltostioe,
984 2580 1049 2650 quot
1058 2572 1372 2650 sufficiontpresbyteris

219 2666 387 2725 ordinandis
401 2667 440 2724 od
453 2667 726 2726 communicandum.

262 2763 348 2826 Post
362 2762 482 2827 Libera
493 2782 554 2827 nos
569 2783 755 2846 quaesumus
770 2761 919 2838 Domine,
933 2766 980 2825 od
997 2764 1257 2826 benedictionem
1275 2764 1370 2824 dicut

218 2867 405 2930 diaconus:

258 2967 442 3032 Humiliate
460 2990 518 3032 vos
534 2969 574 3030 ud
590 2967 861 3031 benedictionem.

259 3069 469 3134 Benedictio.

258 3173 470 3252 Antiphone.
520 3175 633 3255 Agnus
648 3170 720 3234 Dei.

258 3271 473 3356 Omnipotens
485 3272 646 3336 Dominus
658 3294 718 3336 sua
730 3293 790 3336 nos
802 3272 979 3336 clementia
989 3272 1171 3345 benedicat,
1185 3278 1220 3336 et
1232 3293 1362 3334 sensum

214 3374 246 3436 in
264 3375 358 3439 uobis
375 3376 543 3458 sapientise
560 3374 718 3439 salutaris
733 3374 895 3439 infundat.
941 3376 1057 3438 Amen.

258 3476 434 3542 Catholicae
447 3478 520 3540 fidei
531 3498 591 3540 nos
601 3476 805 3541 documentis
817 3477 971 3551 enutriat,
982 3483 1017 3541 et
1027 3478 1060 3539 in
1075 3478 1198 3540 sanetis
1211 3477 1364 3561 oporibus

213 3582 475 3663 perseverabiles
490 3580 615 3645 reddat.
662 3583 777 3645 Amen.

257 3685 399 3750 Gressus
415 3689 545 3748 vestros
568 3685 610 3748 ab
625 3705 737 3747 errore
761 3690 942 3759 convertat,
960 3692 993 3745 ct
1010 3684 1093 3746 vium
1118 3685 1210 3746 vobis
1227 3685 1316 3767 puris
1333 3692 1367 3746 et

211 3788 361 3855 caritatis
376 3786 540 3852 ostendat.
585 3788 702 3850 Amen.

253 3890 345 3977 Quod
371 3890 442 3973 ipse
469 3893 625 3973 praestare
652 3888 816 3973 dignetur,
843 3887 938 3970 cujus
963 3908 1102 3973 regnum
1129 3895 1162 3952 et
1189 3889 1362 3972 imperium

210 3996 281 4059 sine
296 3994 360 4056 fine
376 3996 558 4076 permanet,
574 3991 607 4054 in
623 3990 741 4054 saecula
758 3989 959 4054 seculorum.
1005 3995 1121 4054 Amen.

252 4094 442 4161 Benedictio
451 4093 514 4158 Dei
524 4092 769 4176 omnipotentis,
779 4092 939 4172 Pataris,
951 4097 984 4154 et
993 4090 1114 4169 Finem,
1127 4099 1161 4156 et
1174 4092 1318 4175 Spiritus
1327 4091 1363 4164 ἦ·

211 4199 324 4264 Sancti
340 4196 522 4261 descendat
536 4217 636 4281 super
650 4215 720 4272 vos,
736 4200 770 4259 et
787 4200 923 4259 maneat
938 4214 1080 4275 semper.
1129 4197 1247 4257 Amen.

252 4303 346 4365 Dotn
370 4299 618 4375 Benedictione,
640 4298 805 4362 accedant
828 4299 877 4359 od
900 4297 1021 4358 Pacem
1045 4307 1076 4359 et
1100 4300 1358 4360 communionem

206 4405 409 4476 sacerdotes,
425 4412 456 4465 et
472 4404 573 4464 etiam
591 4400 710 4475 leviter,
728 4400 758 4460 si
774 4399 950 4461 noluerint.
