3022 4966
351 432 415 496 342
724 431 923 495 Benedictio
947 430 1136 514 Virginem.

393 608 476 668 Ant.
524 605 605 669 Haec
640 609 694 668 est
726 605 901 687 generatio
939 603 1158 687 qnaerentium
1196 598 1413 676 Dominum,
1453 619 1511 682 qu

350 709 495 772 rentium
512 708 631 771 faciem
648 707 710 770 Dei
726 707 843 770 Jacob.

392 812 451 873 Pa.
497 809 632 873 Domini
648 814 702 872 est
716 816 819 873 terra.
865 819 896 872 et
913 806 1040 872 Gloria.

394 915 525 977 Oratio.
571 912 708 988 Praete,
734 913 945 997 omnipotens
970 910 1072 986 Deus,
1101 909 1178 972 huic
1204 905 1343 971 famulo
1374 913 1443 972 tuo
1475 907 1506 971 ii

350 1014 446 1098 cujus
462 1013 561 1077 hodie
585 1015 706 1097 capitis
730 1034 858 1079 comam
880 1035 941 1100 pro
964 1015 1077 1078 divino
1094 1033 1206 1078 amore
1228 1010 1490 1095 deposuimus,

350 1119 384 1181 in
411 1123 472 1181 tua
497 1115 677 1180 dilectione
704 1123 867 1202 perpetuo
894 1122 1039 1195 maneat,
1063 1122 1196 1180 etcum
1221 1112 1295 1177 sine
1328 1112 1484 1178 macula

350 1220 591 1305 sempiternum
608 1219 789 1284 custodias.
835 1220 910 1283 Per.

479 1457 645 1522 ORATIO
669 1457 731 1522 AD
753 1457 1066 1525 DIACONISSAM
1088 1454 1389 1524 FACIENDAM.

393 1647 534 1724 Exaudi,
557 1646 710 1724 Domine,
736 1671 853 1734 preces
881 1654 1028 1725 nostras,
1051 1654 1087 1712 et
1112 1668 1210 1732 super
1236 1645 1327 1708 hanc
1355 1644 1491 1710 famul

349 1756 443 1815 tunm
458 1750 511 1815 ill.
528 1750 682 1834 spiritum
700 1763 764 1817 tua
781 1753 1022 1819 benedictionis
1037 1753 1163 1826 emitte,
1177 1755 1216 1814 ιιι
1228 1746 1365 1812 coelesti
1384 1769 1511 1813 mnne

348 1853 465 1928 ditata,
489 1859 524 1918 et
550 1861 615 1918 tuae
641 1857 786 1939 gratiam
813 1858 921 1940 possit
945 1855 1136 1939 majestatis
1162 1852 1339 1936 acquirere
1373 1857 1414 1916 et
1442 1851 1506 1916 be

349 1955 483 2022 vivendi
498 1958 576 2023 aliis
592 1959 782 2043 exemplum
798 1961 953 2044 praebere.
999 1961 1074 2024 Per.

404 2159 679 2226 BENEDIOTIO
702 2164 910 2230 VESTIUM
933 2163 1093 2228 VIDUAE
1116 2160 1207 2225 VEL
1228 2157 1474 2226 VIRGINIS.

395 2348 497 2424 Deus,
524 2350 581 2432 qni
613 2352 850 2417 vestimentum
875 2353 1023 2418 salutare
1054 2358 1090 2417 et
1120 2351 1354 2416 indumentum
1385 2357 1501 2414 aetern

345 2452 566 2536 jocunditatis
589 2455 658 2519 tuis
680 2457 835 2522 fidelibus
857 2459 1059 2543 promisisti;
1084 2453 1293 2521 clementiam
1318 2457 1425 2517 tuam
1448 2475 1508 2517 su

348 2554 481 2640 pliciter
503 2577 690 2635 exoramus,
715 2568 753 2624 ut
774 2560 843 2624 baec
866 2562 1070 2636 indumenta,
1092 2555 1319 2623 humilitatem
1344 2557 1472 2621 cordis
1503 2586 1511 2611 ι

348 2664 575 2742 contemptum
593 2662 707 2724 mundi
724 2663 958 2747 significantia,
971 2665 1092 2746 quibus
1107 2657 1233 2723 famula
1248 2662 1309 2720 tua
1324 2656 1383 2719 itt.
1401 2678 1490 2723 sanc

349 2762 528 2825 visibiliter
550 2768 603 2826 est
629 2763 840 2830 informanda
867 2767 1049 2850 proposito,
1073 2765 1238 2850 propitius
1262 2759 1468 2838 benedicas,
1500 2792 1511 2818 ·-

348 2866 453 2928 beata
481 2864 650 2928 castitatis
675 2867 837 2943 habitum,
861 2890 958 2952 quem
985 2875 1018 2934 te
1041 2868 1227 2954 inspirante
1252 2866 1468 2946 susceperit,

349 2971 546 3052 protegente
563 2969 740 3034 custodiat.
786 2970 859 3034 Per.

393 3068 496 3144 Deus,
519 3071 681 3133 bonarum
704 3073 864 3137 virtutum
888 3075 985 3139 dator
1012 3080 1046 3139 et
1069 3072 1214 3137 omnium
1236 3066 1508 3136 benedictinus·

349 3177 465 3260 largus
487 3175 626 3251 infusor,
644 3177 763 3240 exaudi
788 3199 904 3263 preces
927 3186 1071 3255 nostras,
1088 3183 1123 3242 et
1138 3179 1224 3240 hanc
1247 3178 1397 3251 vestem,
1417 3198 1506 3260 qus

347 3277 476 3343 famula
498 3285 557 3341 tun
579 3278 632 3341 itt.
657 3299 716 3362 pro
740 3283 968 3346 conservando
992 3281 1160 3346 castitatis
1182 3279 1277 3363 signo
1301 3296 1338 3339 se
1356 3278 1479 3366 adopc
1501 3281 1508 3295 '

346 3380 464 3445 endam
481 3382 642 3466 exposcit,
661 3384 854 3447 benedicere
871 3392 906 3449 et
922 3386 1130 3451 sanctificare
1146 3380 1305 3468 digneris.
1353 3380 1443 3447 Pers

378 3634 654 3702 BENEDIOTIO
677 3638 887 3706 VIRGINIS
910 3642 969 3706 AB
991 3637 1205 3704 EPISOOPO
1228 3632 1494 3707 FACIENDA.

392 3824 544 3910 Respice,
560 3825 711 3906 Domine,
727 3831 892 3915 propitius
913 3852 1014 3916 super
1035 3831 1121 3893 hanc
1143 3824 1302 3891 famulam
1325 3828 1433 3892 tuam
1459 3831 1506 3896 ill

346 3936 385 3994 ut
401 3934 522 3992 sanctae
540 3929 743 4014 virgInitatis
759 3935 977 4019 propositum,
990 3934 1077 4018 quod
1093 3938 1126 3996 te
1142 3929 1327 4013 inspirante
1348 3936 1511 4020 suscepi

348 4041 382 4097 te
397 4031 605 4115 gubernante
623 4036 801 4100 custodiat.
846 4037 921 4100 Per.

389 4133 512 4203 anrcdo
525 4156 637 4194 accrum
654 4138 780 4196 velamen
794 4140 909 4218 accipit,
925 4139 1076 4198 dicendum
1091 4147 1138 4196 cst.

392 4229 525 4313 Accipe,
542 4230 665 4316 puella,
683 4239 833 4298 sanctum
849 4234 999 4321 pallium,
1016 4236 1103 4320 quod
1119 4232 1270 4319 perferas
1287 4227 1362 4292 sinc
1381 4238 1502 4302 macul

351 4336 426 4396 ante
443 4333 589 4398 tribunal
606 4334 737 4400 Domini
754 4339 860 4403 nostri
876 4337 959 4403 Jesu
976 4338 1116 4441 Christi.¹
1159 4335 1201 4397 Il.
1247 4334 1369 4394 Amen.
