3022 4966
316 445 381 512 338
675 447 937 511 Benediotloaea
954 445 1122 510 Diversae.

666 791 943 859 BENEDIOTIO
966 790 1137 858 ORUOIS.

367 983 539 1069 Rogamus
568 987 614 1061 te,
644 982 799 1060 Domine,
826 989 944 1048 saneto
975 983 1089 1059 Pater,
1119 984 1342 1068 omnipotens
1378 989 1511 1051 aeteru

322 1087 426 1163 Deus,
448 1093 487 1152 ut
510 1086 662 1172 digneris
686 1087 882 1151 benedicere
906 1087 968 1151 boe
990 1087 1121 1173 lignum
1143 1088 1255 1151 eruois
1279 1093 1370 1166 tuse,
1396 1095 1443 1154 ut
1467 1090 1498 1154 si

321 1192 504 1257 remedium
518 1192 669 1256 salutare
680 1191 797 1276 generi
812 1193 969 1267 humano,
982 1191 1028 1255 sit
1041 1191 1196 1256 soliditas
1212 1191 1305 1266 fidei,
1319 1193 1509 1278 profectu

324 1300 484 1363 bonorum
512 1319 660 1384 operum,
683 1298 870 1383 redemptio
897 1298 1097 1374 animarum,
1120 1297 1288 1384 protectio
1320 1319 1367 1364 ao
1392 1299 1508 1366 tutel

323 1409 442 1467 eontra
458 1423 547 1466 saeva
558 1401 676 1485 jacula
691 1401 913 1466 inimicorum.
960 1401 1035 1465 Per.

367 1507 449 1566 Alia.

384 1603 540 1679 Benedio,
568 1600 721 1679 Domine,
745 1603 833 1666 hano
863 1621 995 1665 crucem
1027 1606 1130 1675 tuam,
1159 1619 1200 1662 ex
1230 1618 1303 1682 qua
1336 1600 1485 1688 eripuis

325 1707 483 1771 mundum
512 1727 533 1769 a
560 1711 730 1790 potestate
761 1705 947 1768 daemonum
980 1708 1014 1766 et
1041 1703 1212 1787 superasti
1239 1703 1419 1786 passione
1451 1712 1503 1771 tu

324 1815 557 1896 suggestorem
596 1809 736 1894 peceati,
771 1809 827 1892 qui
866 1806 1037 1892 gaudebat
1074 1804 1358 1890 prevaricatione
1405 1811 1511 1894 prim

324 1915 491 1991 hominis;
515 1913 627 1977 tristis
653 1912 741 1975 enim
768 1911 906 1976 demisit
932 1931 992 1996 per
1019 1910 1149 1995 lignum
1176 1908 1289 1973 erucis
1318 1915 1396 1976 tuoe
1425 1934 1506 1996 quo

326 2016 483 2082 seductos
498 2015 618 2080 habuit
633 2038 693 2100 per
708 2015 838 2100 lignum
856 2015 1009 2078 vetitum.
1055 2013 1130 2078 Per.

368 2119 548 2196 Antiphone.

370 2215 458 2278 Eoos
474 2213 604 2297 lignum
621 2214 741 2289 crucis,
757 2214 792 2276 in
809 2234 875 2298 quo
892 2211 986 2277 salus
1002 2212 1114 2276 mundi
1132 2209 1307 2296 pependit,

372 2317 509 2392 Venite,
525 2315 712 2380 adoremus.

373 2420 545 2485 Psalmus.
590 2418 692 2496 Deus,
709 2419 879 2483 miserere.

370 2526 453 2585 Alio.

387 2621 610 2704 Omnipotens
642 2619 847 2703 sempiterne
881 2619 986 2696 Deus,
1016 2618 1072 2704 qui
1105 2638 1165 2702 per
1197 2615 1335 2701 lignum
1372 2623 1509 2704 perdi

329 2726 452 2790 mundo
484 2725 614 2809 lignum
650 2724 891 2808 redemptionis
926 2730 1018 2787 tuam
1054 2742 1186 2785 erucem
1220 2721 1495 2804 praedestinasti

328 2848 529 2915 quesumus,
557 2835 595 2890 ut
619 2826 815 2889 benedicere
841 2826 992 2911 digneris
1023 2828 1085 2889 hoc
1116 2824 1245 2909 lignum
1273 2822 1511 2893 similitudis

327 2934 438 2998 crucis
455 2938 520 2995 tuae
538 2933 721 3016 signatum,
738 2936 773 2994 et
789 2951 940 3014 praepara
956 2932 989 2994 in
1007 2950 1046 2993 eo
1063 2930 1132 2992 tuis
1148 2927 1307 2991 fidelibus
1325 2932 1505 2998 virtutem

328 3036 474 3100 inimicis
504 3042 617 3099 autem
645 3034 869 3108 obstaculum,
896 3042 931 3098 et
958 3032 1148 3118 augendum
1175 3030 1307 3094 nomini
1338 3040 1408 3100 tuo
1443 3059 1502 3102 cre

329 3141 480 3204 dentium
497 3141 633 3202 eliorum
652 3140 778 3202 virtute
795 3138 933 3202 coelesti.
979 3139 1055 3202 Per.

391 3369 670 3434 BENEDIOTIO
694 3368 840 3432 SUPER
862 3369 983 3432 VASA
1007 3369 1059 3432 IN
1084 3366 1197 3432 LOCO
1219 3364 1450 3453 ANTIQUO

798 3473 1016 3536 REPERTA.

375 3663 596 3747 Omnipotens
619 3662 822 3745 sempiterne
846 3661 950 3737 Deus,
967 3662 1079 3723 insere
1102 3664 1137 3723 te
1159 3656 1278 3722 officiis
1303 3664 1463 3735 nostris.
1478 3687 1511 3728 u

332 3771 400 3830 boec
414 3765 560 3841 vascula,
573 3772 647 3829 arte
660 3767 824 3829 fabricata
833 3766 1022 3850 gentilium,
1035 3761 1256 3828 sublimitatis
1267 3766 1341 3826 tuae
1351 3769 1494 3849 potenti

327 3874 378 3935 ita
407 3870 590 3934 eiuiumlure
622 3870 784 3954 digneris,
816 3879 853 3933 ut
878 3871 966 3934 omni
1000 3865 1214 3930 immunditia
1242 3863 1418 3950 depulsa,
1446 3873 1511 3936 sin

331 3974 488 4038 fidelibus
520 3974 589 4036 tuis
623 3981 774 4057 tempore
806 3974 898 4055 pacis
929 3980 1032 4054 atque
1066 3964 1336 4050 tranquillitatis
1373 3981 1478 4038 uten

333 4077 408 4142 Per.
