3022 4966
501 428 555 491 De
574 429 760 495 Ordinibus
779 427 1010 513 Conferendie.
1269 410 1335 479 307

719 703 798 768 vn.

399 868 472 950 [nn
497 870 746 938 onommos
769 864 1116 950 conrnnnNme]

513 1142 765 1210 ORDINATIO
788 1140 996 1207 OSTIARII.

216 1327 363 1387 Ortiarinr
376 1349 439 1389 cum
458 1331 623 1404 ordinatur,
637 1339 786 1410 postquam
806 1331 842 1389 ab
855 1328 1059 1388 archidiacono
1079 1325 1334 1402 inetnectncsacrit

176 1422 300 1500 qualiter
319 1424 351 1482 in
372 1425 455 1484 domo
474 1427 534 1486 Dei
553 1428 649 1486 debecn
667 1428 838 1497 conversari,
855 1425 894 1483 ad
913 1423 1116 1500 mayeetionem
1136 1418 1336 1481 archidiaconi

179 1521 276 1578 tradat
289 1522 317 1579 ei
331 1522 475 1601 epiecopus
488 1525 578 1583 clance
591 1526 626 1583 de
640 1525 732 1583 altari
744 1524 848 1582 diem

221 1615 275 1680 Sic
290 1638 363 1702 age,
380 1619 476 1702 qnasi
499 1620 694 1685 redditurus
715 1619 788 1684 Deo
811 1618 972 1682 rationem
997 1636 1057 1700 pro
1081 1615 1134 1680 hin
1149 1615 1249 1678 rebus
1265 1632 1336 1696 quae

176 1717 252 1782 istis
268 1718 420 1784 clavibus
434 1721 664 1786 recluduntur.

216 1820 257 1879 Et
270 1822 369 1879 tradat
381 1823 410 1880 ei
423 1823 644 1882 archidiaconus
657 1824 761 1882 octium
774 1822 903 1881 ecclesia.

613 1918 753 1994 Prasatio
768 1918 904 1977 Oetiarii.

221 2011 329 2076 Deum
360 2012 495 2076 Patrem
525 2012 787 2098 omnipotentem
819 2012 1017 2099 suppliciter
1046 2011 1272 2095 deprecamur,
1299 2013 1338 2070 ut

178 2117 266 2181 huno
277 2115 439 2179 famulum
456 2136 554 2180 nuum
569 2117 623 2180 itt.
637 2117 831 2182 benedicere
847 2117 1015 2202 dignetur,
1028 2135 1125 2198 quem
1140 2111 1175 2175 in
1192 2109 1334 2175 officium

179 2219 309 2284 ostiarii
321 2219 446 2303 eligere
462 2218 621 2305 dignatus
638 2225 700 2296 est,
712 2224 750 2284 ut
765 2220 811 2284 eit
826 2219 856 2283 ei
872 2217 1067 2282 fidelissimo
1078 2236 1159 2280 euro
1173 2215 1206 2276 in
1222 2212 1338 2276 diebus

179 2345 219 2388 oc
234 2323 398 2398 noctibus,
414 2322 457 2387 nd
477 2322 728 2389 distinctionem
744 2326 901 2389 horarum
925 2322 968 2386 ed
983 2320 1201 2385 invocandum
1218 2334 1337 2380 nomen

183 2427 327 2492 Domini.
373 2426 447 2490 Por.

603 2530 770 2589 Benedictio
783 2529 914 2606 ejaedem.

225 2622 366 2687 Domine
383 2627 509 2698 ennete,
525 2624 628 2689 Pater
643 2625 865 2709 omnipotens,
880 2629 1003 2687 aeterne
1025 2620 1128 2696 Deus,
1144 2619 1337 2684 benedicere

181 2725 329 2811 digneris
356 2725 442 2788 huno
467 2725 629 2790 famulum
660 2734 755 2791 tuum
782 2726 971 2800 ostiarium,
1000 2730 1036 2787 ut
1064 2723 1152 2786 inter
1174 2722 1338 2804 jnnitoreo

183 2827 339 2893 Ecclesiae
350 2832 447 2910 paret
463 2829 635 2914 obsequie,
648 2835 681 2895 et
694 2830 784 2894 inter
799 2828 925 2893 electos
937 2832 1013 2893 tuos
1025 2831 1156 2912 portem
1172 2830 1341 2889 merentur

182 2933 307 2996 habero
324 2931 497 2996 mercedis.
542 2933 616 2998 Per.
