3022 4966
509 394 1015 475 BenedictiooecEpiscopatu.
1272 391 1332 451 191

225 567 356 650 Detque
373 566 469 630 vobis
492 587 604 629 veram
620 567 780 631 mentium
803 563 1038 640 innocentiam,
1055 565 1111 647 qni
1136 582 1237 642 snper
1253 560 1335 624 Uni-

177 668 328 751 genitum
363 688 461 731 sunm
493 666 653 751 Spiritum
689 669 848 734 Sanctum
881 666 1103 731 demonstrari
1138 664 1244 729 voluit
1273 685 1334 747 per

177 769 375 845 columbam,
409 791 514 854 enque
548 771 674 836 virtute
711 778 841 836 mentes
880 777 998 834 vestrm
1033 773 1254 832 exerceantur
1290 767 1332 830 ad

178 871 401 956 intelligenda
416 871 535 936 divinae
550 873 636 959 legis
651 895 863 959 arcanaque
878 873 912 935 in
929 871 1022 937 Cana
1037 870 1180 937 Galilaeae
1195 870 1333 954 lympha

180 981 233 1040 est
248 975 283 1038 in
298 975 413 1040 vinum
429 998 602 1042 conversa.
647 980 764 1043 Amen.

223 1076 317 1161 Quod
331 1078 416 1163 ipse.

219 1295 390 1356 Benedictio
404 1299 436 1357 in
449 1299 497 1358 die
511 1299 735 1377 Porifieotioaic
748 1301 832 1360 beatoe
846 1300 885 1358 M
883 1302 963 1359 arete.

223 1509 442 1595 Omnipotens
463 1511 565 1588 Deus,
588 1513 646 1596 qui
671 1512 891 1597 Unigenitum
918 1533 1014 1576 suum
1039 1510 1200 1575 hodierna
1225 1511 1278 1574 die
1301 1514 1334 1575 in

180 1621 355 1699 assumpta
368 1636 467 1680 carne
483 1615 658 1701 intemplo
673 1616 780 1681 voluit
794 1616 1001 1702 praesentari,
1016 1614 1255 1679 benedictionis
1271 1635 1337 1679 sure

182 1738 241 1781 vos
256 1738 393 1782 munere
408 1718 513 1783 fultos
523 1717 621 1782 bonis
636 1717 793 1801 operibus
807 1718 911 1782 faciat
925 1715 1089 1781 exornari.
1104 1768 1107 1775 .
1133 1717 1251 1780 Amen.

222 1821 267 1885 Et
290 1821 347 1905 qui
368 1841 453 1898 eum,
478 1826 517 1886 ut
538 1820 648 1906 legem
670 1820 879 1906 adimpleret,
903 1819 1092 1884 ministrum
1120 1818 1227 1883 voluit
1251 1818 1333 1882 effici

178 1922 274 2008 legis,
284 1928 413 1987 mentes
424 1928 558 1988 vestras
569 1922 717 1987 instruat
727 1921 813 2008 legis
823 1943 890 1987 suae
900 1920 1107 2007 spiritalibus
1119 1920 1334 1986 documentis.

182 2027 297 2090 Amen.
1026 2031 1033 2044 '

219 2127 290 2212 Quo
314 2128 345 2191 ei
369 2135 404 2194 et
424 2149 486 2212 pro
512 2130 712 2207 turturibus,
736 2129 905 2195 castitatis
932 2148 991 2192 seu
1018 2126 1172 2192 caritatis
1195 2145 1333 2188 munera

180 2232 299 2294 offerre
321 2229 475 2307 valeatis,
490 2238 526 2297 et
547 2253 608 2317 pro
623 2232 727 2318 pullis
749 2233 988 2308 columbarum,
1004 2228 1214 2316 spiritalibus
1236 2227 1332 2291 donis

179 2331 380 2397 exuberetis.
426 2335 543 2397 Amen.

221 2434 315 2518 Quod
330 2434 413 2519 ipse.

216 2671 258 2729 In
275 2670 419 2730 Cotbedra
435 2670 465 2729 S.
482 2672 573 2730 Petri.
617 2671 793 2731 Benedictio.

219 2865 321 2941 Deus,
337 2865 444 2948 quiin
460 2885 571 2928 rernm
594 2865 802 2930 sensibilium
824 2863 969 2950 speculis
993 2864 1152 2948 mysteria
1168 2884 1230 2928 sua
1243 2885 1333 2929 rese-

178 2975 242 3044 rat,
265 2967 435 3031 mentibus
460 2967 649 3051 peregrinis
674 2968 805 3051 aperiat
831 2968 927 3032 vobis
952 2965 1154 3031 cathedralis
1176 2970 1336 3051 mysteria

178 3070 342 3136 veritatis.
388 3071 505 3133 Amen.

223 3173 353 3258 Quique
375 3171 605 3258 apostolorum
627 3173 808 3258 principem
829 3193 891 3259 pro
912 3170 1113 3237 declaranda
1128 3171 1339 3256 apostolatus

179 3276 369 3353 eminentia,
397 3275 505 3340 voluit
534 3275 568 3338 in
599 3277 760 3342 cathedra
789 3275 914 3362 regalis
945 3273 1122 3339 sacerdotii
1152 3274 1336 3354 sublimari,

181 3379 280 3444 corda
307 3385 420 3444 vestra
449 3378 589 3443 inclinet
613 3380 647 3444 in
673 3379 896 3445 obedientiam
926 3376 1082 3442 culminis
1108 3377 1337 3444 ecclesiastici.

182 3486 299 3547 Amen.

222 3585 292 3670 Quo
308 3586 414 3670 ipsius
428 3583 594 3649 humiliati
613 3586 812 3662 reverentia,
830 3582 962 3669 probati
986 3582 1145 3666 imperiis,
1162 3589 1197 3647 et
1212 3586 1335 3670 magis-

182 3687 277 3751 teriis
292 3686 410 3762 edocti,
425 3707 447 3750 a
462 3685 573 3762 Petro,
590 3685 715 3750 coelesti
732 3686 909 3772 clavigero,
926 3684 961 3748 iu
977 3684 1049 3748 coeli
1064 3684 1207 3770 gloriam
1230 3708 1336 3750 mere·

185 3788 285 3853 amini
300 3788 476 3853 introduci.
521 3791 638 3852 Amen.
