3022 4966
376 417 575 481 Benedictio
591 413 698 492 Solis,
715 416 836 497 Aquoe,
855 415 989 480 cineris
1005 423 1037 479 et
1059 413 1149 477 Vini.
1283 413 1345 480 197

230 618 382 684 Oremus.

229 721 321 787 Deus
344 726 478 787 creator
492 726 528 786 et
550 725 768 787 conservator
789 722 926 787 humani
949 720 1094 809 generis,
1109 720 1210 786 dator
1229 721 1348 807 gratim

188 824 386 910 spiritualis,
399 825 544 912 largitor
554 832 684 889 aeternoe
697 824 837 890 salutis:
860 831 908 902 tu,
918 825 1071 901 Domine,
1081 824 1177 889 mitte
1191 824 1350 889 Sanctum

190 928 350 1012 Spiritum
373 934 467 993 tuum
495 949 598 1012 super
620 929 886 992 commixtionem
911 927 1013 1011 hujus
1035 927 1105 992 vini
1128 933 1164 994 et
1186 949 1290 1012 nquae,
1313 931 1352 991 ut

187 1038 319 1103 ermom
337 1032 460 1096 virtute
477 1031 623 1096 eoelestis
644 1031 858 1108 defensionis,
874 1031 917 1096 od
940 1031 1226 1096 consecrationem
1247 1031 1351 1115 hujus

187 1133 335 1200 eeclesiae
352 1141 387 1198 et
401 1133 532 1210 alteris,
547 1135 641 1218 (vet)
656 1135 833 1198 ooemeterii
849 1133 1012 1219 proficiat.
1057 1134 1122 1198 Per
1136 1131 1325 1197 Dominum.

248 1239 381 1304 Oratio.
440 1236 583 1301 Domine
614 1236 718 1315 Dens,
749 1259 809 1302 rex
839 1237 1074 1302 universarum
1102 1235 1286 1301 ooelestinm
1316 1241 1351 1300 et

189 1339 401 1406 terrestrium
434 1346 677 1416 ereaturarum,
708 1340 765 1424 qni
795 1340 837 1404 de
871 1339 953 1404 eoelo
982 1338 1196 1415 descendisti,
1226 1343 1263 1403 et
1290 1360 1352 1423 per

190 1443 425 1528 mysteriorum
442 1448 574 1507 tuorum
593 1464 718 1508 areana
733 1442 881 1507 ecclesie
896 1448 962 1507 tute
977 1443 1043 1506 iter
1057 1442 1099 1506 od
1115 1441 1215 1505 eoelos
1237 1462 1351 1506 ascen-

188 1548 288 1612 dendi
323 1545 505 1632 praebuisti,
538 1547 662 1631 quiquo
696 1546 786 1611 inter
818 1552 933 1611 cetero
965 1545 1149 1610 ooelostium
1184 1544 1351 1611 terribilia

188 1650 425 1736 mysteriorum
441 1648 615 1726 miracula,
626 1649 729 1714 etiam
745 1671 785 1714 ox
802 1650 936 1735 proprio
949 1649 1055 1714 latere
1071 1648 1194 1713 undem
1211 1649 1347 1735 sangui-

190 1761 243 1825 nis
267 1764 303 1824 et
333 1781 426 1844 aquae
452 1758 494 1823 ob
523 1758 709 1824 animorum
737 1764 928 1824 nostrarum
959 1758 1122 1823 medelam
1149 1759 1348 1842 profluxisse
1388 1833 1390 1837 7

189 1864 393 1950 permisisti;
417 1863 572 1940 concede,
588 1884 789 1947 quesumus,
805 1868 844 1928 ut
864 1863 928 1928 hae
944 1863 1026 1928 selis
1041 1869 1076 1929 et
1098 1864 1221 1928 cineris
1235 1870 1353 1929 saneto

191 1969 339 2032 mixtura
361 1966 395 2029 in
421 1966 497 2031 vino
521 1988 597 2031 oum
620 1967 710 2032 unda
733 1967 947 2052 bsptismatis
973 1967 1100 2032 eoelssti
1121 1967 1352 2033 benedictione

192 2071 334 2137 ecelesia
347 2074 408 2135 tue
423 2076 459 2134 et
473 2070 584 2136 altaro
606 2076 851 2150 consecrentur,
868 2076 902 2138 et
917 2071 958 2137 od
975 2077 1097 2137 nostrae
1111 2072 1352 2158 redemptionis

191 2173 475 2240 confirmationem
499 2179 697 2241 consecrato
712 2175 914 2261 pertineant.
959 2175 1024 2240 Per
1038 2180 1083 2253 te,
1099 2175 1181 2242 Jesn
1205 2175 1350 2255 Christe,

192 2278 249 2363 qui
265 2298 341 2343 oum
356 2277 469 2342 Potre.
