3022 4966
561 401 761 465 Benedictio
778 401 950 463 Eremitoe.

217 603 328 660 Deinde
341 611 507 680 oeperqetnr
520 622 595 678 aqna
610 602 753 660 benedicto
766 623 850 680 snper
863 602 1037 660 vestimenta.

219 695 321 754 Postea
334 698 380 754 det
393 697 521 754 hobitum
535 697 571 765 ei,
587 705 612 754 et
626 696 696 753 done
709 697 818 767 induit,
834 697 913 754 dicat
927 696 1081 773 episcopus.

220 789 332 855 Exuet
354 796 388 855 te
411 790 504 854 Deus
526 795 673 854 veterem
695 791 861 855 hominem
883 812 957 854 oum
974 790 1104 855 notibus
1129 787 1209 863 suis,
1226 792 1261 851 et
1283 786 1332 848 in·

176 891 258 955 duat
279 914 412 970 novum,
435 893 491 977 qui
516 892 694 956 secundum
718 893 825 957 Deum
849 900 983 958 orestus
1007 897 1059 956 est
1081 892 1116 954 in
1135 889 1272 972 justitie
1298 894 1334 952 et

179 993 358 1058 sanctitate
374 995 539 1060 veritatis.

222 1095 267 1158 R.
312 1094 384 1159 Deo
399 1096 540 1181 gratias.

219 1195 354 1274 Sequitur
367 1197 519 1256 benedictio
531 1218 692 1277 superenne
700 1207 876 1277 prostratum
890 1218 985 1257 coron
998 1197 1134 1275 episeopo,
1148 1216 1212 1254 enm

224 1291 376 1356 Oremus.

220 1393 397 1459 Famulum
411 1399 517 1471 tuum,
532 1394 684 1471 Domine,
700 1394 852 1460 custodio
866 1394 996 1459 muniet
1017 1393 1165 1478 pietatis,
1179 1396 1218 1456 ut
1233 1391 1334 1456 oesti-

177 1497 261 1561 tstis
284 1502 404 1561 senotae
427 1497 645 1581 propositum,
660 1497 748 1580 quod
770 1503 804 1560 te
825 1497 1011 1580 inspirante
1034 1494 1192 1580 suscepit,
1207 1499 1242 1561 n
1257 1514 1333 1576 pro·

178 1603 313 1684 tegente
329 1618 461 1682 semper
474 1598 614 1662 illesum
630 1599 808 1663 custodiat.
853 1599 919 1662 Per
932 1597 1122 1663 Dominum.

216 1701 329 1759 Deinde
341 1708 474 1776 seqnotnr
487 1699 639 1757 benedictio
652 1699 777 1778 episcopi
789 1720 873 1778 snper
885 1720 958 1770 enin,
972 1699 1015 1758 sio
1029 1698 1155 1757 dioendo.

222 1793 414 1858 Benedictio
429 1792 493 1857 Dei
505 1792 753 1875 omnipotentis,
765 1794 878 1859 Petris
891 1793 932 1874 ᾧ
949 1798 985 1858 et
994 1793 1073 1858 Filii
1085 1792 1126 1873 ›1‹
1142 1796 1178 1856 et
1188 1789 1332 1875 Spiritus

180 1896 293 1961 Sancti
306 1900 347 1981 ιχ(
362 1895 543 1960 descendet
558 1915 659 1979 super
672 1899 707 1959 te
723 1900 758 1961 et
773 1902 909 1962 monent
924 1917 1066 1982 semper.
1112 1896 1231 1960 Amen.

221 1998 264 2057 Et
276 1998 319 2056 ito
332 1998 441 2057 recedet
454 1999 488 2057 in
500 1998 614 2057 nomine
628 1996 759 2058 Domini.
