3022 4966
294 1005 613 1081 ORDINATION
643 1007 752 1081 LIST
779 1007 842 1081 OF
867 1006 999 1082 JUNE
1032 1029 1086 1097 14,
1114 1027 1217 1100 15¹¹·

379 1174 558 1269 (Reyistcr
574 1174 619 1268 of
628 1175 848 1270 Archbislzop
866 1174 1122 1269 Bcilzhfflye.)

1141 1284 1149 1304 ἱ

182 1337 283 1402 LIST
308 1339 363 1404 OF
386 1340 586 1406 PERSONS
605 1340 843 1407 ORDAINED
866 1340 928 1406 BY
942 1340 1063 1406 JOHN
1088 1337 1251 1403 BISHOP
1275 1335 1331 1400 OF

182 1441 424 1509 NEGROPON
426 1446 464 1522 T,
482 1444 750 1511 SUFFRAGAN
766 1446 928 1511 BISHOP
945 1446 1001 1509 TO
1016 1438 1331 1510 CHRISTOPHER

181 1544 469 1626 BAINBRIDGE,
496 1549 785 1614 AROHBISHOP
812 1550 867 1615 OF
895 1549 1021 1615 YORK
1048 1546 1145 1613 AND
1176 1545 1327 1610 CARDI-

182 1647 285 1726 NAL,
308 1650 429 1714 JUNE
452 1652 615 1728 14,1511.

219 1803 361 1868 Ordines
377 1805 539 1870 celebrati
554 1805 589 1868 in
605 1805 747 1870 ccclesia
763 1805 977 1870 conventuali
994 1805 1152 1869 Fratrum
1169 1803 1330 1868 Praedioa·

178 1916 289 1972 torum
320 1912 470 1975 civitatis
500 1911 600 1975 Ebor.
631 1911 684 1974 die
716 1911 850 1976 sabbati
880 1911 1031 1996 Quatuor
1064 1910 1265 1995 Temporum
1296 1910 1330 1972 in

179 2011 297 2096 vigilia
314 2013 442 2078 Sancta
465 2013 655 2090 Trinitatis,
671 2013 828 2080 videlicet
855 2014 1104 2099 quartodecimo
1127 2014 1180 2077 die
1205 2015 1332 2077 mensis

177 2115 272 2178 lunii
308 2118 406 2181 Anno
444 2115 579 2181 Domini
617 2116 796 2182 millesimo
834 2118 1107 2203 quingentesimo
1145 2118 1331 2192 undecimo,

178 2325 311 2387 Domini
328 2324 564 2408 christophori
588 2325 803 2389 miseratione
819 2325 934 2388 divina
949 2325 1123 2389 titulorum
1140 2334 1330 2389 sanctorum

177 2427 269 2491 Petri
293 2435 327 2490 et
343 2427 535 2490 Marcellini
552 2435 770 2492 sacrosanctae
791 2428 948 2493 Romanae
972 2428 1125 2493 Ecclesia
1143 2430 1329 2512 presbyteri

180 2528 381 2604 cardinalis,
404 2529 506 2593 Ebor.
531 2530 786 2616 Archiepiscopi
808 2533 868 2596 &c
892 2534 925 2595 in
949 2534 1089 2596 remotis
1112 2533 1256 2616 agentis,
1272 2555 1332 2617 per
1418 2559 1423 2569 ·

180 2632 406 2696 venerabilem
443 2634 477 2696 in
523 2631 656 2696 Christo
702 2648 831 2718 patrem
875 2635 1075 2711 iohannem,
1113 2635 1176 2699 Dei
1219 2639 1332 2722 gratia

179 2735 486 2821 Nigropontensem
534 2737 738 2821 episcopum,
783 2739 863 2802 dicti
906 2740 1177 2803 reverendissimi
1224 2742 1331 2824 patris

180 2843 429 2925 suffraganeum
445 2840 504 2903 &c

668 3031 843 3115 Aeolythi.

221 3134 343 3198 Frater
355 3133 543 3198 Richardns
559 3136 732 3223 Hoghard‚
749 3138 866 3203 domus
881 3139 1023 3203 fratrum
1041 3141 1203 3202 minorum
1220 3139 1319 3225 Ehor.

220 3237 240 3301 J
243 3240 393 3302 ohannes
409 3238 583 3304 Plummar
598 3242 639 3305 de
655 3242 795 3306 Raskell

221 3342 390 3408 Robertus
407 3341 551 3407 Watson
567 3346 608 3409 dc
624 3345 713 3410 Eton

222 3446 407 3510 Edwardna
423 3444 561 3510 Dobson
578 3449 619 3512 dc
633 3449 773 3515 Halifax

221 3550 415 3613 Willelmus
431 3549 594 3615 Edwards
611 3552 651 3614 de
668 3553 865 3638 Teringtona

222 3653 364 3727 Brianus
380 3655 505 3718 Beston
522 3653 563 3718 de
578 3654 687 3719 Ledcs

223 3759 389 3824 Robertus
405 3759 563 3845 Clething
578 3761 618 3824 de
634 3760 798 3848 Wighton

222 3862 390 3926 Henrieus
406 3861 551 3927 Graison
567 3864 608 3927 de
624 3865 807 3930 Beverlaco

223 3967 368 4030 Thomas
385 3964 547 4031 Oalverde
563 3968 604 4032 de
621 3969 737 4033 Semar

225 4072 454 4135 Christoferns
470 4073 621 4141 Parkour
635 4074 676 4137 de
693 4074 829 4138 Owston

224 4179 345 4262 Symon
363 4174 573 4262 Wallington
589 4178 630 4241 de
647 4179 833 4265 Ovinghanr

222 4283 388 4347 Robertne
406 4279 525 4346 Gower
539 4280 580 4344 de
597 4281 725 4346 Garton

266 4387 361 4450 Pont.
377 4384 419 4448 45
