3022 4966
580 371 779 434 Benedictio
799 372 910 454 Regis.

168 782 533 849 BENEDIOTIONES
547 783 690 847 SUPER
701 783 789 848 REG
797 785 860 848 EM
877 783 1082 848 NOVITER
1093 782 1336 850 ELECTUM.

204 1009 251 1071 Te
275 1008 480 1083 invocamus,
502 1006 654 1082 Domine,
679 1014 795 1072 sancta
820 1009 933 1083 Pater,
959 1007 1173 1092 omnipotens
1202 1013 1337 1072 aeterne

168 1109 271 1186 Deus,
286 1117 326 1176 ut
349 1112 437 1174 hunc
461 1108 623 1173 famulum
648 1115 744 1173 tuum
768 1110 821 1173 itt.
846 1132 943 1193 quem
966 1116 1030 1174 tuae
1050 1110 1170 1173 divina
1194 1110 1342 1195 dispen-

168 1214 311 1279 sationis
327 1215 540 1299 providcntia
555 1215 588 1276 in
614 1214 797 1296 primordio
820 1213 1034 1299 plasmatum,
1051 1233 1158 1296 usque
1182 1214 1230 1277 ad
1248 1215 1345 1280 huuc

168 1324 363 1403 presentem
384 1318 472 1381 diem
494 1316 637 1399 juvenili
654 1316 735 1379 flore
757 1316 926 1380 luctantem
952 1337 1103 1379 crescere
1118 1319 1345 1394 concessisti,

168 1444 242 1485 eum
260 1428 325 1485 tuae
343 1421 481 1504 pictatis
496 1421 583 1483 dono
599 1420 743 1484 ditatum
767 1420 967 1503 plenumque
984 1419 1140 1483 veritatis
1155 1422 1283 1503 gratia
1299 1423 1344 1486 de

167 1525 220 1588 die
250 1525 285 1587 in
316 1524 402 1586 diem
430 1545 542 1587 coram
572 1523 645 1587 Deo
672 1529 708 1587 et
734 1523 925 1586 hominibus
956 1521 998 1586 ad
1024 1522 1164 1586 meliora
1198 1544 1347 1609 semper

166 1629 327 1713 proficere
351 1627 466 1701 facias,
484 1633 522 1690 ut
545 1626 666 1690 summi
690 1626 866 1711 regiminis
883 1626 1017 1701 solium,
1041 1625 1154 1709 gratia
1179 1647 1344 1712 superna

167 1731 345 1816 largiente,
370 1731 522 1815 gaudens
547 1731 721 1814 suscipiat,
746 1736 781 1793 et
807 1729 1041 1794 misericordiae
1067 1733 1133 1791 tuae
1159 1749 1267 1794 muro
1296 1734 1344 1797 ab

165 1835 310 1898 hostium
324 1834 530 1898 adversitate
544 1833 690 1916 undique
707 1834 868 1908 munitus,
882 1833 1013 1917 plebem
1031 1831 1093 1894 sibi
1106 1834 1342 1900 commissam

165 1958 239 2001 cum
266 1958 346 2021 pace
372 1936 622 2021 propitiationis
648 1943 682 1999 et
710 1937 835 2000 virtute
861 1937 1006 2000 victoria
1034 1935 1183 1999 feliciter
1209 1957 1342 2024 regere

166 2047 345 2104 mereatur.
392 2041 465 2103 Per.

203 2141 288 2199 Alia.

208 2239 247 2302 In
271 2239 389 2302 diebus
405 2239 480 2321 ejus
503 2237 632 2303 oriatur
654 2238 809 2302 omnibus
831 2238 972 2321 aequitas
988 2244 1023 2302 et
1040 2235 1192 2319 justitia,
1210 2243 1343 2309 amicis

163 2341 377 2425 adjutorium,
394 2341 540 2405 inimicis
556 2342 778 2417 obstaculum,
791 2341 974 2404 humilibus
990 2339 1159 2417 solatium,
1179 2343 1341 2413 elevatis

163 2445 339 2529 correptio,
365 2445 527 2509 divitibus
557 2444 720 2520 doctrina,
746 2446 951 2529 pauperibus
980 2445 1100 2528 pietas,
1132 2452 1342 2533 peregrinis

162 2547 335 2625 auxilium,
351 2549 498 2633 propriis
514 2548 671 2632 inputria
686 2570 750 2631 pax
768 2554 802 2610 et
819 2547 992 2611 securitas.
1039 2547 1340 2637 Unumquemque

163 2652 340 2714 secundum
371 2673 464 2714 suam
493 2671 685 2713 mensuram
713 2650 885 2713 moderate
912 2651 1115 2734 gubernans,
1143 2671 1182 2712 se
1212 2653 1336 2736 ipsum

164 2755 301 2818 sedulus
332 2756 451 2828 discat,
478 2762 516 2818 ut
543 2761 603 2818 tua
628 2754 790 2837 irrigatus
821 2755 1073 2836 eonrpunctione
1100 2754 1166 2817 toti
1199 2762 1338 2844 populo

161 2859 222 2921 tibi
239 2857 365 2942 placita
379 2859 525 2942 praebere
543 2858 618 2919 vitae
635 2857 743 2940 possit
759 2857 921 2939 exempla,
935 2865 969 2919 et
984 2878 1045 2940 per
1062 2857 1148 2920 viam
1167 2862 1338 2928 veritatis

161 2982 234 3023 cum
260 2983 362 3045 grege
395 2961 456 3023 sibi
484 2960 617 3023 sululito
645 2959 812 3040 gradiens,
837 2980 918 3042 opes
943 2959 1083 3043 fragiles
1108 2959 1338 3030 abundanter

162 3065 324 3146 acquirat.
371 3063 476 3129 Simul
494 3069 529 3126 et
553 3063 695 3126 salutem
720 3085 785 3125 non
811 3063 917 3125 solum
940 3083 1115 3147 corporum
1140 3065 1334 3134 sedetiam

161 3168 308 3230 cordium
326 3191 345 3232 a
362 3175 395 3231 te
419 3188 609 3231 concessam
634 3168 765 3229 cunctis
786 3168 938 3249 accipiat.
985 3167 1104 3248 Sicque
1127 3166 1216 3231 inte
1236 3176 1334 3259 cogi.

159 3274 268 3334 tatum
280 3271 379 3333 animi
392 3269 633 3351 consiliumque
645 3290 741 3332 omne
752 3290 962 3351 componens,
973 3268 1081 3352 plebis
1091 3269 1337 3352 gubernacula

163 3392 237 3434 oum
255 3394 335 3455 pace
353 3372 452 3435 simul
469 3381 503 3435 et
520 3373 686 3456 snpientia
702 3354 833 3454 sempor
854 3372 1002 3433 invenire
1018 3371 1194 3448 videntum
1221 3380 1334 3462 tequo

163 3475 347 3538 arixilinnte
371 3477 547 3559 praesentis
572 3477 648 3538 vitae
666 3475 893 3558 prolixitatem
911 3475 1085 3557 percipiat,
1103 3484 1136 3536 et
1158 3497 1224 3558 per
1243 3487 1334 3546 tem.

163 3578 294 3662 pornlia
310 3581 396 3640 bona
412 3600 516 3661 usque
534 3581 573 3642 ad
593 3600 753 3641 stammam
773 3584 977 3641 senectutem
999 3577 1186 3661 perveniat,
1203 3581 1335 3667 liujus·

163 3701 226 3762 que
243 3680 441 3762 fragilitatis
457 3683 555 3743 finem
574 3686 755 3765 perlectum
774 3682 815 3744 ab
832 3682 985 3743 omnibus
1001 3680 1157 3742 vitiorum
1176 3681 1336 3753 vinculis

161 3795 225 3850 tuso
261 3788 400 3869 pictatis
435 3787 595 3871 largitate
635 3787 806 3861 liberatus,
840 3792 873 3848 et
908 3786 1042 3848 infinitae
1080 3790 1335 3870 prosperitatis

165 3890 299 3972 praemia
330 3895 495 3972 perpetua
525 3891 788 3974 angelorumque
819 3895 942 3952 aeterna
971 3887 1171 3952 commercia
1202 3912 1334 3962 conse-

160 4000 292 4074 quatur.
338 3992 411 4054 Per.

202 4099 287 4155 Alio.

208 4192 311 4267 Deus,
337 4193 518 4256 electorum
551 4192 711 4255 fortitudo
739 4196 772 4255 et
799 4190 972 4253 humilium
997 4189 1172 4266 celsitudo,
1200 4199 1269 4278 qui
1296 4201 1334 4266 in

165 4297 342 4379 primordio
371 4316 431 4378 per
463 4295 660 4358 effusionem
691 4293 807 4356 diluvii
839 4293 979 4356 crimina
1008 4292 1120 4355 mundi
1146 4299 1335 4385 castigare

162 4400 308 4475 voluisti,
337 4407 371 4463 et
403 4420 463 4484 per
492 4398 678 4461 columbam
707 4418 834 4460 ramum
867 4397 959 4459 olivoe
984 4400 1173 4480 portantem
1203 4421 1334 4484 pacem
