3022 4966
306 396 369 459 180
623 392 881 459 Benedictiones
897 388 1135 473 Episcopalea.

305 620 486 685 supernam
501 599 644 665 intravit
654 599 809 684 patriam,
823 597 871 661 sio
885 617 946 660 vos
961 596 1088 678 absque
1100 598 1312 678 peccatorum
1331 589 1470 654 lesione

305 710 435 769 eternae
450 702 624 766 felicitatis
641 701 776 765 intretis
791 698 944 784 gloriam.
990 699 1109 761 Amen.

350 804 419 868 Ubi
441 809 477 869 et
498 824 559 868 vos
575 805 707 888 Aguum
731 801 846 866 oeterni
870 800 983 864 Patris
1002 799 1175 882 contingat
1188 797 1312 861 intueri
1327 793 1464 869 Filium,

305 926 380 969 oum
407 927 473 989 quo
499 925 618 992 perpes
644 904 740 971 vobis
768 905 812 970 sit
836 904 942 968 beate
969 903 1045 966 vitea
1069 900 1204 984 requies
1229 905 1264 964 et
1290 896 1463 983 gaudium.

305 1011 423 1074 Amen.

350 1109 446 1195 Quod
460 1108 545 1193 ipse.

346 1329 517 1391 Benedictio
530 1329 564 1390 de
578 1340 676 1390 saneta
689 1352 777 1390 entre.

348 1546 451 1622 Deus,
467 1547 526 1631 qui
551 1567 612 1630 per
633 1565 762 1609 erucem
787 1544 954 1630 passionis
977 1565 1043 1608 suae
1065 1543 1223 1607 mundum
1246 1541 1353 1606 voluit
1374 1542 1463 1604 redi-

304 1671 405 1726 mere,
425 1648 575 1731 ejusdem
599 1654 720 1712 sanctie
744 1649 851 1711 erucis
874 1649 1055 1711 munimine
1078 1647 1167 1711 mala
1190 1646 1300 1709 omnia
1322 1666 1343 1708 a
1364 1647 1462 1708 vobis

303 1751 462 1835 dignetur
475 1749 655 1834 expellere.
700 1753 817 1816 Amen.

347 1853 398 1918 Sit
413 1852 510 1915 vobis
522 1856 645 1915 sanetae
657 1852 765 1914 erucis
777 1850 887 1934 gloria
899 1857 1014 1916 eontra
1030 1872 1145 1916 omnes
1157 1850 1292 1915 aemulos
1307 1851 1460 1925 victoria,

301 1960 337 2018 et
362 1974 423 2038 per
445 1953 518 2035 ejus
542 1973 671 2015 sacram
698 1953 947 2016 venerationem
971 1955 1067 2017 vobis
1087 1953 1251 2017 Dominus
1274 1953 1397 2016 mentia
1424 1961 1461 2016 et

303 2055 453 2139 eorporis
470 2055 619 2118 conferat
636 2054 869 2118 salvationem.
914 2058 1031 2120 Amen.

346 2159 481 2223 Mentes
507 2161 639 2219 vestras
665 2155 707 2218 ad
737 2155 887 2220 eoelestia
912 2157 1070 2242 dignetur
1100 2155 1286 2229 sublevare,
1314 2157 1370 2237 qui
1398 2177 1461 2237 per

303 2280 435 2326 erucem
452 2278 546 2322 suam
563 2278 622 2321 vos
648 2256 754 2322 voluit
773 2259 814 2323 de
830 2259 960 2322 inferno
976 2259 1140 2334 liberare;
1164 2265 1199 2321 et
1219 2258 1265 2320 ibi
1281 2277 1340 2320 vos
1355 2258 1462 2321 iaciat

302 2368 380 2448 post
394 2366 536 2425 mortem
559 2381 712 2446 regnare,
728 2361 786 2425 ubi
808 2383 924 2428 omues
948 2361 1056 2427 sancti
1071 2361 1248 2426 laudentes
1268 2360 1375 2425 Deum
1392 2382 1460 2425 non

302 2469 437 2532 cessant
452 2462 634 2528 exsultare.
681 2463 798 2527 Amen.

346 2566 440 2653 Quod
455 2566 538 2651 ipse.

342 2789 476 2868 Tempora
489 2809 606 2865 puerve.

344 3003 564 3087 Omnipotens
586 3000 679 3066 Deus
699 3002 824 3069 vestris
846 3002 1003 3089 dignetur
1017 3006 1191 3091 propitiari
1214 3006 1370 3091 peccatis,
1387 3013 1423 3071 et
1439 3030 1460 3072 n

299 3107 394 3170 vobis
424 3104 559 3170 auferat
591 3107 741 3168 terrores
770 3106 876 3170 totius
909 3107 1120 3185 hostilitatis,
1151 3115 1190 3174 ut
1220 3111 1237 3146 ⁴*
1267 3111 1300 3172 in
1336 3131 1457 3175 secura

298 3207 457 3271 libertate
472 3205 607 3281 firmati,
625 3205 689 3268 sibi
706 3205 839 3270 subdito
853 3207 1018 3274 famulatu
1034 3211 1242 3276 deserviatis.
1286 3215 1406 3278 Amen.

343 3307 460 3372 Elidat
488 3307 635 3369 omnium
669 3307 938 3373 adversariorum
970 3319 1158 3377 vestrorum
1190 3315 1390 3398 superbiam,
1422 3324 1459 3381 et

299 3411 426 3475 virtute
452 3408 597 3472 dexteree
628 3427 695 3471 suae
725 3414 921 3494 prosternat
949 3413 1095 3477 hostium
1126 3420 1313 3479 vestrorum
1340 3423 1457 3482 contu·

300 3513 451 3577 maciem.
497 3510 613 3574 Amen.

344 3614 480 3678 Mentes
502 3619 634 3677 vestras
650 3617 685 3679 et
700 3633 841 3698 corpora
859 3619 973 3681 vestra
988 3618 1145 3702 potentiae
1169 3641 1235 3684 suae
1251 3641 1311 3685 vos
1325 3622 1459 3688 muniat

297 3717 424 3780 invicta
452 3714 611 3791 defensio,
637 3720 677 3779 ut
705 3716 760 3801 pio
792 3717 854 3782 sibi
885 3738 1016 3802 semper
1042 3722 1165 3785 affeetu
1197 3723 1380 3788 servientes
1411 3729 1456 3791 ab

294 3818 427 3883 infestis
453 3816 640 3880 liberemini
669 3817 825 3895 inimicis,
857 3825 893 3885 et
922 3820 956 3883 in
988 3841 1049 3887 sua
1075 3822 1203 3908 jugiter
1235 3826 1347 3910 gratia
1376 3847 1454 3910 per-

297 3918 471 3984 severetis.
516 3918 632 3982 Amen.
1074 3927 1078 3937 '

340 4019 433 4106 Quod
448 4019 531 4103 ipse.

294 4206 308 4223 ·“
329 4202 380 4256 MS
392 4210 427 4256 et.
