3022 4966
217 385 283 449 224
618 392 816 455 Benedictio
832 393 983 476 Reyinoe.

262 594 462 659 Benedictio
478 617 610 660 coronoe
625 595 717 660 Deus
732 601 865 662 tuorum
881 618 1011 676 corono,
1028 609 1060 663 ct
1075 610 1198 678 cetera,
1213 611 1375 684 utsupra

218 699 256 758 in
275 699 503 762 Coronatione
520 701 633 782 Rapis.

258 801 341 872 Item,
358 803 392 858 in
411 802 504 860 codem
525 803 625 860 ordine
645 803 684 860 ad
704 824 810 861 coronoe
830 803 1049 881 impositionem,
1061 815 1212 884 postquam
1233 808 1373 867 benedicta

210 895 313 973 fiterit,
329 898 517 957 coronabitur.

260 994 381 1078 Accipe
397 1014 552 1058 coronam
575 993 699 1079 gloriae,
715 995 873 1058 honorem
892 996 1123 1078 jocunditatis,
1139 1003 1178 1062 ut
1201 997 1375 1083 splendido.

213 1095 345 1181 fulgeas
362 1102 397 1161 et
411 1101 536 1160 aeternn
551 1096 775 1161 exsultatione
792 1100 970 1163 coroneris.

253 1201 354 1263 Alia.
415 1199 529 1263 Officio
560 1199 772 1284 indignitatis
802 1222 882 1265 meae
912 1203 947 1265 in
977 1203 1127 1287 reginum
1159 1203 1369 1268 sollemniter

212 1304 397 1379 benedictn,
421 1304 533 1388 accipe
555 1324 712 1367 coronam
736 1305 860 1389 regulis
888 1305 1093 1371 excellentiae
1120 1329 1191 1391 quae
1219 1307 1300 1372 licet
1327 1308 1370 1372 ub

212 1407 370 1492 indignis,
387 1406 633 1492 episcopalibus
649 1412 761 1471 tumen
784 1408 950 1485 manibus,
967 1411 1069 1494 cupiti
1085 1417 1144 1474 tuo
1168 1411 1370 1494 imponitu1·;

211 1512 298 1575 unde
323 1511 410 1575 sicut
432 1511 582 1575 exterius
605 1531 687 1573 curo
711 1516 746 1573 et
767 1512 909 1594 gemmis
932 1512 1087 1577 redimito
1109 1515 1246 1590 emines,
1263 1514 1313 1579 ito
1335 1520 1372 1579 et

211 1614 354 1678 interius
378 1634 460 1677 curo
487 1613 658 1696 sapientise
690 1613 917 1696 virtutumque
944 1617 1085 1699 gemmis
1115 1616 1265 1680 decorari
1293 1639 1370 1681 con-

212 1718 340 1794 tendas,
357 1722 523 1800 quatenus
538 1722 615 1800 post
638 1737 792 1780 occasum
808 1717 908 1798 hujus
926 1718 1035 1781 saeculi
1059 1740 1133 1782 cum
1149 1720 1370 1804 prudentibus

212 1821 397 1906 virginibus
413 1839 535 1902 sponso
557 1819 693 1902 perenni
715 1818 858 1882 Domino
881 1825 996 1883 nostro
1011 1820 1094 1884 Jesu
1118 1821 1253 1886 Christo
1268 1823 1369 1908 digne

209 1929 246 1988 et
278 1923 493 1987 laudabiliter
525 1941 714 1996 occurrens,
747 1921 874 2005 regium
909 1921 1055 1987 coelestis
1088 1923 1172 1988 uulae
1205 1925 1368 1989 merearis

210 2027 341 2112 ingredi
361 2025 509 2108 januum,
531 2025 716 2089 auxiliante
739 2024 882 2088 Domino
905 2031 1020 2089 nostro
1042 2025 1125 2090 Jesu
1149 2027 1293 2104 Christo,
1310 2029 1369 2111 qui

209 2152 283 2196 cnm
299 2130 370 2194 Deo
397 2130 498 2193 Putre
514 2134 549 2192 et
572 2129 699 2212 Spiritu
724 2127 845 2192 Sancto
861 2128 946 2192 vivit
966 2135 1001 2193 et
1019 2136 1140 2214 regnet
1155 2152 1215 2214 per
1236 2132 1369 2197 infinito

177 2255 180 2263 ·
210 2230 331 2295 saeculu
347 2230 553 2295 saeculorum.
598 2233 716 2294 Amen.

255 2335 387 2400 Oratio.
434 2334 597 2406 Omnium,
625 2333 777 2410 Domine,
807 2333 883 2396 fons
914 2334 1074 2398 bonorum
1106 2340 1141 2399 et
1170 2343 1366 2402 cunctorum

207 2437 305 2503 detor
320 2438 540 2524 profectuum,
556 2437 666 2503 tribue
681 2435 813 2500 famulae
829 2442 893 2499 tuae
917 2437 959 2500 N.
976 2438 1130 2522 adeptam
1147 2439 1230 2502 bene
1246 2461 1366 2525 gerere

206 2542 415 2628 dignitatem,
431 2546 466 2606 et
481 2563 502 2606 o
517 2546 551 2606 te
568 2540 629 2605 sibi
652 2541 837 2624 praestitum
858 2540 955 2605 bonis
977 2542 1134 2626 operibus
1148 2544 1366 2609 corroborare

207 2646 358 2733 glorium.
403 2646 469 2710 Per
483 2644 672 2709 Dominum.
