3022 4966
503 402 554 466 De
572 402 760 468 Ordinibus
778 405 1011 487 Confereudir.

493 780 743 847 ORDINATIO
764 779 1010 848 AOOLYTHI.

214 964 371 1042 Acolytlsue
391 985 456 1024 crem
475 965 639 1038 ordinatur,
650 966 783 1045 primum
803 966 839 1025 ot
858 967 987 1045 episcopo
1006 967 1140 1026 doceatsr
1152 971 1289 1046 mealiter
1309 973 1344 1031 ire

172 1061 260 1138 officio
272 1082 322 1120 cuo
342 1082 424 1137 nuere
436 1061 532 1120 debeat
540 1083 552 1132 ;
571 1062 619 1119 red
632 1062 669 1119 ab
688 1062 891 1120 archidiacono
904 1063 1030 1140 occipiat
1050 1063 1261 1140 ceroferarium
1275 1086 1346 1125 cum

171 1175 256 1227 cereo,
268 1164 300 1215 ut
312 1156 384 1215 sciat
396 1177 424 1214 se
434 1156 474 1214 aa
484 1155 663 1215 mentienda
673 1156 792 1214 eocleeioe
802 1157 963 1215 luminaria
973 1158 1148 1238 mancipari.
1191 1161 1343 1240 Accipiat

169 1260 195 1311 et
215 1252 358 1312 euceolom
379 1273 500 1311 vacuom
522 1252 562 1310 od
578 1251 765 1328 fundendum
787 1253 887 1311 viuum
915 1254 949 1311 in
977 1252 1169 1314 Enetum-irtio
1193 1255 1340 1336 Corporis

171 1345 291 1408 Otriut.

604 1441 745 1518 Proesotio
758 1442 902 1520 Acolytlsi.

212 1537 431 1622 Omnipotens
447 1537 648 1622 sempiterne
671 1536 773 1612 Deus,
789 1536 865 1601 fons
881 1536 966 1601 lucis
990 1545 1025 1601 et
1040 1538 1135 1624 origo
1149 1538 1338 1618 bonitatis,

168 1639 225 1724 qui
241 1639 431 1724 pertesum
448 1638 619 1704 Christum
635 1638 757 1702 Filium
774 1645 879 1715 tuum,
895 1639 1008 1704 lumen
1025 1661 1150 1716 verum,
1166 1644 1338 1709 mundum

165 1741 377 1820 illuminasti,
393 1742 533 1826 ejusque
548 1742 718 1828 passionis
733 1742 894 1826 mysterio
916 1742 1108 1821 redemisti3
1130 1745 1340 1813 benedicere

163 1845 313 1931 digneris
335 1847 424 1910 hune
445 1845 609 1909 famulum
632 1849 727 1909 tuum
751 1845 804 1908 ill.
828 1866 926 1929 quem
951 1846 986 1908 in
1009 1846 1157 1931 acolythi
1180 1849 1339 1916 officium

164 1969 410 2025 consecramus,
433 1956 610 2034 poscentes
637 1952 730 2012 tunm
754 1947 977 2023 elementiam,
1000 1956 1039 2013 ut
1060 1951 1134 2033 ejus
1156 1949 1276 2017 lumen
1301 1961 1342 2021 et

165 2057 310 2117 mentem
335 2052 476 2116 scientia
497 2051 661 2128 illustres,
677 2057 713 2115 et
727 2051 866 2135 pietatis
882 2057 947 2115 tuae
969 2072 1045 2116 rore
1068 2053 1201 2139 irriges,
1218 2062 1261 2120 ut
1283 2058 1343 2124 ite.

165 2161 359 2239 perceptum
389 2153 612 2218 ministerium
642 2159 677 2218 te
707 2153 893 2218 auxiliante
923 2160 1074 2240 peragat,
1104 2155 1256 2239 qualiter
1289 2161 1339 2227 sd

164 2260 323 2322 eternam
338 2257 644 2322 remunerationem
662 2259 836 2342 pervenire
852 2264 1032 2322 mereatur.
1077 2258 1143 2322 Per
1156 2262 1321 2330 eundem.

571 2360 742 2419 Benedictio
755 2360 900 2438 Acolytlsi.

205 2454 360 2531 Domine,
384 2461 499 2519 sancte
527 2455 639 2530 Pater,
663 2454 874 2538 omnipotens
900 2461 1025 2521 aeterne
1050 2455 1153 2533 Deus,
1176 2459 1238 2542 qui
1267 2482 1338 2546 per

161 2557 279 2623 lesum
303 2557 474 2624 Christum
490 2558 613 2622 Filium
635 2563 729 2622 tuum
746 2558 780 2621 in
804 2558 891 2622 hune
912 2559 1072 2624 mundum
1095 2558 1209 2624 lumen
1225 2561 1336 2630 eleri-

161 2662 244 2726 tstis
260 2660 392 2737 misisti,
409 2666 444 2725 et
459 2661 494 2724 in
518 2682 615 2725 cruce
631 2660 796 2743 passionis
814 2681 880 2724 suae
900 2660 1105 2745 triumphum
1121 2665 1334 2748 sanguinem

163 2769 198 2829 et
212 2785 333 2848 nquam
350 2785 391 2827 ex
416 2763 521 2828 latere
539 2784 599 2846 pro
621 2783 745 2846 genere
768 2763 913 2827 humano
937 2764 1096 2848 dignutus
1112 2784 1149 2828 es
1169 2766 1336 2849 fundere,

161 2873 196 2932 et
219 2888 278 2950 per
300 2864 472 2951 apostolos
498 2872 577 2931 tuos
599 2867 632 2929 in
656 2866 718 2930 hoe
742 2865 861 2929 saeculo
881 2865 994 2929 lumen
1016 2868 1134 2951 gratioe
1157 2870 1336 2953 spiritalia

160 2969 300 3044 misisti;
324 2969 374 3033 ita
396 2967 592 3034 benedicere
618 2967 768 3053 digneris
793 2969 881 3031 huno
904 2967 1066 3032 famulum
1089 2975 1184 3034 tuum
1208 2972 1270 3040 ill.
1297 2979 1335 3044 in

162 3071 268 3136 officio
290 3070 437 3154 acolythi
460 3076 499 3134 ut
521 3069 591 3154 (nd)
619 3070 862 3134 accendendum
890 3069 1057 3135 clnritstis
1080 3071 1232 3139 ecelesiae
1264 3085 1336 3147 tuae

163 3173 303 3260 (lumen)
320 3179 355 3236 et
376 3172 418 3237 nd
435 3172 683 3258 suggerendum
699 3173 812 3237 vinum
835 3178 870 3237 et
885 3194 1005 3257 aquam
1021 3175 1064 3238 ed
1079 3175 1335 3252 conficiendum

163 3277 336 3362 sanguinis
358 3276 408 3340 tui
432 3276 654 3361 (mysterium)
678 3277 711 3340 in
736 3277 903 3341 offerendo
930 3278 1168 3344 eucharistiam
1194 3290 1334 3357 sancti,

163 3379 330 3446 altaribus
352 3379 421 3443 tuis
436 3379 581 3444 fideliter
604 3380 847 3443 subministret.
894 3380 1059 3458 Ascende,
1074 3381 1234 3465 Domine,
1252 3393 1336 3478 ejus

162 3488 308 3550 mentem
339 3487 373 3545 et
404 3482 506 3546 corda
535 3482 576 3546 ed
607 3483 731 3546 umoris
762 3483 811 3546 tui
847 3483 982 3547 coeleste
1012 3486 1104 3567 (eie)
1134 3491 1169 3551 et
1202 3499 1336 3576 gratim

161 3582 387 3652 miserationis
405 3590 470 3648 tuen
489 3585 613 3649 virtute
631 3585 799 3650 confirma.
846 3584 918 3648 Per.
