3022 4966
164 400 227 463 352
495 399 542 461 De
560 397 682 463 Pallio
699 399 975 479 Arctiopiscopi.

167 743 422 809 ORATIONES
445 743 550 827 QUAE
574 742 792 808 DICENDAE
820 741 942 806 SUNT
966 739 1130 807 SUPER
1160 742 1360 809 ARCHIE-

274 846 458 911 PISCOPO
481 845 740 930 ANTEQUAM
761 844 970 911 PALLIUM
992 843 1249 911 ACCIPIAT.

210 1034 312 1109 Deus,
337 1035 549 1118 omnipotens
575 1035 685 1109 Pater,
710 1035 768 1117 qui
794 1055 860 1097 non
888 1032 1037 1118 propriis
1064 1035 1363 1121 suffragantibus

165 1137 296 1201 meritis
313 1137 370 1199 sed
388 1136 461 1200 sola
477 1136 640 1200 ineffabili
656 1136 774 1221 gratioe
790 1144 854 1201 tue
871 1136 1033 1221 largitate
1050 1136 1173 1201 istum
1190 1138 1364 1204 famulum

168 1252 261 1310 tuum
278 1243 330 1307 ul.
356 1242 478 1327 populo
494 1248 553 1305 tuo
577 1263 721 1327 proeesse
741 1243 900 1325 jussisti;
924 1242 1039 1306 tribue
1055 1242 1093 1304 ei
1121 1266 1194 1328 per
1210 1247 1365 1330 gratiam

167 1349 313 1433 Spiritus
331 1347 445 1410 Sancti
461 1346 511 1410 tui
528 1346 629 1429 digne
646 1346 708 1409 tibi
725 1346 918 1430 persolvere
933 1344 1182 1411 ministerium
1202 1350 1365 1414 sacerdo-

166 1453 247 1516 talis
271 1451 369 1514 officii
393 1458 428 1513 et
450 1449 690 1513 ecelesiasticis
713 1450 952 1513 convenienter
968 1448 1108 1512 servire
1137 1452 1365 1527 ministeriis,

167 1558 362 1642 plebemque
379 1553 589 1617 commissam
608 1553 649 1616 ad
667 1552 810 1637 gloriam
826 1553 877 1615 tui
893 1551 1053 1628 nominis,
1069 1558 1113 1616 te
1133 1554 1175 1618 in
1193 1559 1361 1623 omnibus

166 1664 374 1745 protegente,
392 1658 583 1740 gubernare
599 1655 753 1719 concede.
801 1657 876 1718 Per.

207 1763 291 1821 tilia.

209 1859 313 1931 Deus,
326 1856 523 1918 innocentie
535 1856 715 1917 restitutor
731 1860 767 1918 et
782 1860 922 1929 amator,
936 1853 1046 1938 dirige
1060 1856 1167 1925 herne
1184 1863 1361 1929 famulum

168 1973 264 2029 tuum
280 1962 332 2024 iu.
352 1961 498 2044 Spiritus
513 1960 563 2021 tui
580 1960 724 2034 fervore,
741 1960 829 2023 utin
846 1960 910 2022 fide
933 1960 1142 2028 inveniatur
1160 1971 1314 2036 stabilis
1329 1980 1362 2034 et

167 2070 201 2131 in
230 2065 386 2150 operibus
411 2063 479 2127 tuis
507 2062 635 2126 efficax.
681 2062 851 2127 Inlumine
878 2084 952 2126 eum
977 2062 1113 2130 lumine
1144 2075 1359 2156 sapientiss;

167 2169 291 2233 munda
307 2188 381 2230 eum
400 2174 435 2229 et
451 2167 642 2241 sanetifiea;
666 2166 710 2229 da
732 2168 762 2228 ei
780 2166 957 2230 consilium
980 2172 1132 2248 rectum,
1152 2175 1356 2244 doctrinam

168 2279 341 2344 sanctam3
377 2276 410 2333 et
445 2270 501 2352 qui
540 2292 615 2332 eum
651 2272 740 2333 inter
775 2292 921 2333 summos
955 2273 1161 2340 sacerdotes
1207 2283 1353 2347 voluisti

168 2394 356 2447 numerere,
373 2372 515 2435 concede
539 2379 576 2437 ut
593 2373 681 2455 quod
705 2374 851 2436 humano
866 2395 923 2437 ore
948 2395 1023 2437 eum
1041 2376 1196 2445 voluisti
1226 2388 1353 2460 vocari,

168 2484 231 2542 hoe
248 2478 282 2541 in
299 2480 479 2559 conspeetu
496 2480 554 2537 tuo
571 2496 631 2559 per
646 2476 790 2559 gratiam
809 2482 873 2540 tune
889 2477 1030 2560 pietatis
1046 2484 1168 2562 possit
1186 2486 1294 2566 fieri3
1318 2498 1355 2552 nt

168 2604 242 2646 curn
269 2579 385 2644 electis
407 2577 476 2641 tuis
502 2584 631 2641 aeternae
656 2579 732 2641 vitae
754 2579 998 2643 beatitudiuem
1023 2584 1217 2669 percipere
1245 2612 1353 2656 mere-

168 2695 256 2750 atur.

207 2788 343 2863 Sequitur
357 2786 449 2842 oratio
460 2792 610 2861 postquam
626 2792 768 2859 acceptum
775 2783 879 2859 suerit.

210 2883 361 2958 Domine,
379 2888 494 2945 sancte
511 2881 623 2955 Peter,
637 2880 848 2963 omnipotens
865 2886 988 2943 eterne
1004 2879 1109 2959 Deus,
1124 2885 1207 2952 Rex
1226 2913 1348 2979 regum

168 2996 202 3053 et
224 2987 388 3051 Dominus
411 2984 665 3057 dominantium,
689 2983 900 3047 elementiam
925 2990 1019 3049 tunm
1046 2985 1242 3058 humiliter
1269 3021 1348 3062 exo-

166 3111 290 3166 ramus,
322 3109 450 3151 necnon
483 3092 519 3149 et
548 3086 714 3170 unigeniti
745 3087 825 3150 Filii
855 3088 905 3150 tui
937 3087 1070 3152 Domini
1103 3075 1228 3162 nostri
1259 3101 1346 3166 Jesn

166 3195 303 3270 Christi,
328 3192 385 3275 qui
409 3211 523 3254 omnes
546 3198 671 3253 aeterno
694 3191 892 3274 pontificatu
915 3191 1159 3275 supereminet,
1179 3208 1221 3266 et
1245 3206 1344 3269 solu.

165 3301 238 3363 sine
276 3294 409 3359 macula
446 3293 656 3357 sacerdotale
691 3293 916 3357 ministerium
950 3295 1117 3378 implevit,
1159 3303 1341 3394 simulque

166 3403 279 3466 Sancti
299 3399 454 3485 Spiritus,
471 3397 567 3480 cujus
584 3396 770 3481 septiformi
786 3398 900 3481 gratia
916 3397 1042 3462 eoelesti
1060 3400 1198 3468 virtute
1215 3421 1345 3477 cuncta

165 3505 376 3577 sanetifieas;
400 3508 439 3565 ut
462 3502 548 3563 hunc
572 3499 735 3564 famulum
760 3507 854 3563 tuum
876 3502 940 3577 iet,
963 3502 1081 3566 divinae
1107 3511 1345 3588 providentia

164 3608 274 3694 gratia
301 3605 522 3688 largientes
549 3604 734 3668 minoribus
758 3626 863 3688 usque
887 3605 930 3668 ad
958 3607 1087 3690 majora
1111 3629 1177 3691 per
1207 3618 1344 3700 gradus

163 3709 396 3775 ascendentem
411 3728 561 3791 supernoe
576 3707 713 3791 pietatis
726 3713 791 3769 ture
808 3710 935 3791 gremio
947 3716 1126 3793 gratanter
1138 3719 1342 3804 suseipins;

165 3821 199 3878 et
229 3815 310 3897 quia
340 3813 437 3876 nobis
472 3812 619 3896 indignis
650 3833 734 3894 quos
770 3812 859 3875 sedis
894 3813 1085 3897 apostolieae
1117 3836 1342 3910 summasque

164 3918 337 3982 ministros
364 3917 537 3979 servitutis
562 3937 628 3979 non
656 3916 869 4000 exigentibus
894 3917 1024 3980 meritis
1053 3918 1111 3980 sed
1138 3919 1238 3989 dono
1273 3929 1343 3994 cle.

164 4021 295 4085 mentire
306 4026 370 4082 turo
384 4019 601 4093 constituisti,
615 4018 820 4082 salutaribus
831 4019 1035 4083 indumentis
1047 4020 1087 4083 ad
1103 4025 1197 4087 sacri
1212 4027 1343 4098 altaris

163 4125 306 4187 officium
343 4123 435 4186 foras
468 4122 611 4185 vestitus
647 4122 680 4183 in
716 4124 872 4205 praesenti
907 4129 1059 4208 apparet,
1091 4125 1135 4188 ab
1169 4135 1343 4200 omnibus

162 4227 337 4290 eriminum
361 4225 528 4308 contagiis
544 4226 732 4310 castigatus
755 4235 918 4310 perpetue
942 4227 1088 4311 Spiritus
1106 4228 1157 4291 tui
1178 4240 1342 4305 sanctifi.

162 4332 293 4394 catione
325 4332 416 4393 intus
448 4328 579 4414 impleri
611 4337 800 4407 mereatum
832 4332 966 4414 vivique
1000 4333 1106 4397 fontis
1141 4334 1346 4412 fluentibus
