3022 4966
334 403 399 466 334
659 406 880 468 Consecratio
896 405 997 488 [pais
1012 414 1045 468 et
1063 404 1170 468 Cerci.

564 660 878 728 consncnnmo
902 661 1028 728 nnus
1050 661 1109 727 nr
1133 660 1273 727 onum

656 763 948 845 [mensurno
973 763 1173 850 sancum.

379 952 533 1029 Domine,
550 956 665 1017 sancte
688 953 800 1029 Pater,
817 953 1030 1038 omnipotens
1046 959 1169 1018 aterne
1192 949 1303 1027 Deus,
1321 951 1364 1018 in
1381 952 1507 1018 nomin

330 1062 390 1120 tuo
417 1060 453 1120 et
478 1042 558 1120 Filii
584 1055 635 1120 tui
661 1055 745 1121 Jesu
772 1054 900 1121 Christi
928 1055 1063 1119 Domini
1091 1055 1199 1120 nostri
1224 1054 1506 1143 beneffldicimu

334 1162 424 1226 hunc
440 1161 551 1247 ignem
568 1182 642 1225 cum
658 1162 698 1242 >1⁴
715 1181 793 1225 cera
815 1166 851 1226 et
866 1161 1021 1226 omnibus
1037 1161 1112 1244 ejus
1134 1159 1335 1237 alimoniia3
1361 1160 1509 1227 sanctifi

334 1286 524 1349 eamusque,
541 1269 577 1328 et
592 1264 689 1351 signo
712 1264 823 1328 crucis
838 1264 964 1328 Christi
980 1265 1001 1329 J
1004 1284 1064 1328 esu
1080 1262 1161 1328 Filii
1176 1261 1240 1327 Dei
1254 1261 1331 1326 vivi
1349 1261 1510 1329 altissim

333 1369 508 1456 signamus
535 1369 628 1432 intus
658 1367 714 1431 vel
743 1368 838 1431 foris.
883 1369 1121 1452 Accensusque
1152 1387 1224 1451 quae
1254 1373 1419 1432 noceant
1452 1389 1511 1432 no

333 1472 501 1549 incendat,
527 1471 586 1536 sed
612 1471 724 1536 omnia
748 1472 791 1537 ad
815 1492 898 1537 usus
921 1472 1094 1536 hominum
1120 1469 1320 1535 necessaria
1345 1475 1440 1537 urat
1468 1492 1507 1535 ve

332 1575 481 1641 calescat
505 1575 575 1639 sive
592 1573 782 1652 illuminet;
807 1581 844 1639 et
865 1596 937 1659 que
953 1596 994 1638 ex
1017 1575 1080 1638 hoc
1104 1574 1181 1660 igne
1197 1571 1333 1637 fuerint
1357 1583 1471 1638 con:
1506 1620 1509 1626 »

333 1679 404 1743 sive
421 1676 596 1753 calefacta,
614 1677 683 1741 sint
699 1675 917 1756 benerlsdiota
940 1681 973 1741 et
989 1676 1080 1740 omni
1094 1677 1247 1740 humana
1264 1673 1382 1739 saluti
1400 1675 1497 1742 utili

313 1783 316 1787 ’
333 1784 453 1844 utnon
470 1800 545 1844 cnm
569 1779 690 1844 Nadab
707 1787 742 1843 et
758 1780 868 1844 Abiud
891 1779 1004 1864 ignem
1021 1778 1083 1842 tibi
1107 1776 1332 1842 offerentibus
1351 1777 1497 1844 alienu

335 1883 573 1958 incendamus;
599 1882 657 1947 sed
674 1901 746 1945 cum
772 1884 886 1947 Aaron
909 1882 1067 1967 pontifice
1091 1885 1124 1945 et
1141 1881 1214 1964 ejus
1235 1877 1319 1944 filiis
1334 1878 1426 1946 Ele
1466 1912 1469 1936 ι
1507 1912 1511 1937 ι

334 1991 370 2051 et
385 1987 559 2052 Ithamaro
571 1985 702 2050 hostias
718 1984 780 2050 tibi
792 1986 960 2072 pacificas,
974 1984 1089 2050 Sancti
1103 1984 1249 2071 Spiritus
1260 1985 1346 2069 igne
1359 1993 1509 2053 assatas

335 2089 508 2154 immolare
524 2088 717 2166 valeamus;
743 2096 778 2156 et
793 2110 926 2175 semper
941 2090 992 2154 tui
1009 2087 1157 2175 Spiritus
1179 2086 1297 2153 Sancti
1320 2088 1414 2175 igne
1431 2091 1508 2156 viti

335 2199 456 2259 nostra
471 2213 584 2268 exure,
601 2192 767 2278 cordaque
783 2192 858 2258 luce
875 2192 1023 2258 scientia
1043 2198 1109 2257 tuae
1125 2190 1302 2268 inlumina,
1318 2198 1361 2257 et
1378 2194 1492 2260 anim
1508 2225 1511 2249 s

336 2292 471 2362 nostras
487 2295 598 2361 calore
614 2295 691 2359 fidei
707 2296 864 2362 clarifica.
911 2297 985 2362 Per.

375 2400 459 2459 Atia.

377 2494 537 2560 Exsultat
557 2493 630 2578 jam
660 2495 815 2580 angelica
840 2498 942 2562 turba
971 2495 1151 2572 coelorum;
1179 2493 1363 2563 exsultent
1391 2501 1506 2569 divin,

336 2599 517 2685 mysteria;
542 2605 578 2663 et
600 2620 661 2684 pro
684 2600 772 2664 tanti
796 2600 889 2686 regis
912 2598 1054 2664 victoria
1069 2601 1152 2664 tuba
1174 2598 1309 2665 intonet
1327 2603 1509 2673 salutaris

336 2703 490 2769 Gaudeat
529 2722 565 2766 se
603 2701 706 2766 tellus
746 2703 909 2768 irradiata
947 2702 1149 2788 fulgoribus,
1185 2707 1221 2765 et
1254 2708 1383 2771 aterni
1420 2714 1511 2801 regi

337 2807 514 2892 splendore
530 2804 681 2870 lustrata
701 2808 806 2870 totius
823 2808 916 2871 orbis
933 2828 969 2870 se
987 2807 1114 2870 sentiat
1128 2805 1284 2871 amisisse
1307 2811 1506 2899 caliginem

334 2911 481 2974 Laetetnr
498 2918 533 2973 et
556 2914 664 2973 mater
687 2908 840 2986 eeclesia,
856 2911 944 2975 tanti
960 2909 1098 2974 luminis
1114 2911 1279 2974 adornata
1293 2910 1506 3001 fulgoribus

334 3021 370 3078 et
386 3012 518 3097 magnis
535 3011 732 3096 populorum
749 3014 886 3077 vocibus
903 3013 972 3078 haec
988 3012 1069 3078 aula
1084 3012 1239 3078 resultet.
1283 3013 1497 3109 Quapropte

334 3116 526 3180 astantibus
561 3116 667 3192 nobis,
698 3116 824 3181 fratres
854 3118 1029 3195 carissimi,
1061 3118 1103 3182 ad
1133 3122 1202 3182 tam
1236 3117 1363 3186 miram
1396 3130 1510 3192 sano·

333 3219 435 3303 hujus
470 3218 609 3284 luminis
644 3218 845 3296 claritatem,
881 3242 947 3285 una
981 3242 1110 3284 mecum
1142 3220 1204 3284 Dei
1240 3223 1502 3310 omnipotentis

333 3343 455 3405 qneeso,
472 3323 735 3387 misericordiam
761 3323 926 3400 invocate,
950 3330 988 3387 ut
1011 3325 1069 3407 qui
1091 3344 1144 3386 me
1168 3343 1233 3386 non
1254 3325 1344 3391 meis
1368 3334 1509 3399 meritis

333 3425 424 3488 intra
446 3425 657 3490 sacerdotum
680 3448 855 3490 numerum
881 3428 1115 3512 dignatusest
1138 3447 1342 3512 aggregare,
1359 3431 1508 3501 luminis

333 3526 385 3589 sui
408 3528 521 3611 gratia
543 3529 753 3606 infundente,
771 3531 859 3594 cerei
883 3530 984 3613 hujus
1007 3530 1139 3595 laudem
1163 3528 1305 3614 implere
1330 3538 1507 3618 perficiat.

334 3631 398 3694 Per
426 3630 603 3695 Dominum
631 3640 784 3699 nostrum
807 3635 924 3699 Jesum
952 3635 1124 3700 Christum
1151 3632 1275 3696 Filium
1306 3642 1426 3721 tuum,
1450 3645 1507 3730 qui

332 3746 442 3796 tecum
469 3734 554 3798 vivit
582 3742 617 3798 et
637 3744 757 3821 regnat
777 3736 869 3801 Deus
892 3740 926 3800 in
955 3738 1084 3802 unitate
1113 3736 1260 3821 Spiritus
1285 3738 1415 3810 Sancti
1446 3769 1505 3832 per

331 3834 442 3899 omnia
458 3836 579 3900 saecula
596 3838 801 3902 saeculorum.

373 3937 458 3995 Ata.

375 4030 526 4110 Domine,
556 4041 670 4100 sancte
702 4037 812 4112 Pater,
842 4039 1053 4123 omnipotens
1085 4045 1207 4104 aeterne
1238 4036 1345 4117 Deus,
1379 4048 1506 4112 exandi

332 4155 403 4209 nos,
427 4134 539 4200 lumen
565 4138 770 4203 indeficiens.
819 4141 867 4204 Tu
896 4164 933 4205 es
957 4143 1055 4217 enim,
1079 4141 1220 4205 Domine
1246 4140 1344 4205 Deus
1374 4158 1506 4226 noster,

331 4236 485 4302 eonditor
508 4242 655 4305 omnium
680 4243 854 4309 luminum.
900 4245 1055 4321 Benedic,
1072 4245 1225 4320 Domine,
1242 4249 1277 4307 et
1293 4244 1364 4312 hoc
1391 4250 1507 4320 lumen

332 4345 367 4400 ct
397 4340 482 4404 hanc
514 4364 635 4415 ceram,
669 4347 756 4429 qnod
788 4369 807 4409 n
839 4354 872 4410 te
904 4347 1075 4411 incensum
1109 4347 1437 4436 sanctificatumque
1469 4379 1505 4423 ac
