3022 4966
533 413 791 476 Benedictiones
808 413 970 475 Diverso.

386 789 736 854 RECONCILIATIO
760 790 1119 855 HAERETICORUM.

223 974 364 1040 Domine
376 977 468 1041 Deus
485 980 705 1064 omnipotens,
717 981 818 1044 Pater
829 979 962 1042 Domini
976 980 1082 1042 nostri
1098 981 1118 1044 J
1121 1000 1179 1041 esu
1197 979 1334 1055 Christi,

177 1080 234 1160 qui
247 1078 407 1162 dignatus
422 1102 458 1144 es
475 1083 562 1146 hunc
577 1083 739 1146 famulum
756 1089 849 1146 tuum
863 1082 915 1145 ill.
931 1083 974 1146 ab
990 1103 1105 1145 errore
1118 1088 1154 1145 et
1163 1082 1334 1146 mendacio

178 1182 339 1245 haeretioae
366 1185 546 1266 pravitatis
574 1207 701 1260 eruere,
728 1190 762 1248 et
788 1185 829 1249 ad
857 1185 1031 1248 ecclesiam
1060 1191 1153 1248 tuem
1182 1192 1333 1250 sanctam

180 1283 386 1349 Catholioam
404 1308 460 1350 cos
483 1290 680 1372 perducere;
704 1295 752 1364 tu,
768 1288 919 1362 Domine,
938 1289 1098 1372 Spiritum
1123 1293 1216 1351 tuum
1235 1290 1335 1353 Para-

178 1387 293 1448 oiitum
314 1389 349 1451 in
376 1411 450 1452 eum
478 1392 632 1454 emittere
656 1391 805 1474 dignare,
831 1391 990 1474 Spiritum
1020 1391 1194 1474 sapientiae
1223 1397 1257 1454 et
1285 1392 1335 1453 in·

178 1489 345 1567 tellectus,
371 1493 532 1576 Spiritum
557 1494 687 1558 consilii
714 1500 749 1557 et
773 1495 918 1569 virtutis,
944 1495 1105 1578 Spiritum
1132 1495 1277 1557 scientiae
1301 1501 1336 1559 et

178 1594 335 1676 pietatis;
360 1601 394 1659 et
417 1597 562 1680 adimple
585 1619 671 1673 eum,
687 1597 839 1672 Domine,
858 1597 986 1680 Spiritu
1006 1597 1138 1660 timoris
1161 1598 1222 1673 tui,
1240 1604 1277 1662 ut
1299 1599 1334 1661 in

179 1698 311 1760 nomine
330 1699 463 1762 Domini
483 1702 590 1764 nostri
613 1701 697 1764 Jesu
720 1700 845 1764 Christi
874 1702 969 1785 signo
992 1701 1099 1763 crucis
1126 1701 1279 1784 signetur
1302 1702 1337 1764 in

178 1800 282 1863 vitam
321 1809 488 1867 aternam.
549 1803 613 1866 Per
647 1803 787 1865 eundem
820 1802 997 1866 Dominum
1033 1808 1185 1865 nostrum
1218 1802 1334 1866 Jesum

181 1901 350 1967 Christum
367 1905 490 1967 Filium
507 1911 611 1982 tuum,
627 1907 683 1989 qui
707 1906 790 1968 vivit
805 1912 839 1969 et
862 1913 984 1989 regnat
1000 1905 1092 1968 Deus
1109 1926 1249 1989 semper,
1267 1927 1333 1969 una

179 2028 252 2068 cum
271 2007 396 2090 Spiritu
415 2009 545 2072 Sancto
591 2010 655 2072 Per
670 2009 781 2071 omnia
797 2008 917 2071 saecula
934 2008 1163 2070 saeculorum*

225 2095 343 2195 Signat
366 2119 398 2174 te
422 2110 583 2175 Dominus
599 2112 695 2195 signo
719 2111 828 2174 crucis
844 2112 878 2173 in
895 2111 996 2174 vitam
1021 2118 1178 2195 aeternam
1202 2112 1236 2174 in
1260 2132 1335 2174 con-

180 2214 402 2298 signationem
421 2215 508 2278 fidei.
554 2217 670 2278 Amen.

224 2321 295 2383 Pax
311 2326 431 2383 tecum.

224 2423 358 2486 Etcum
376 2424 498 2506 spiritu
515 2429 582 2486 tuo.

181 2628 347 2692 ORATIO
365 2627 508 2691 SUPER
520 2626 600 2690 EOS
617 2625 695 2710 QUI
712 2623 1008 2689 MORTICINUM
1025 2623 1332 2689 COMEDERINT.

222 2818 326 2893 Deus,
352 2817 410 2900 qui
440 2817 607 2881 hominem
637 2814 679 2878 ad
709 2815 887 2898 imaginem
912 2821 1005 2877 tuam
1037 2812 1205 2876 conditum
1236 2811 1271 2874 in
1301 2811 1336 2874 id

180 2943 318 3006 reparas
334 2920 421 3004 quod
437 2919 571 2994 creasti,
584 2917 711 3000 respice
728 2916 892 3001 propitius
909 2936 1009 3000 super
1024 2915 1085 2977 hos
1100 2914 1244 2977 famulos
1259 2919 1337 2977 tuos

180 3028 234 3091 ill.
259 3036 293 3090 et
323 3024 479 3109 quioquid
505 3043 620 3085 eorum
645 3021 837 3104 ignorantia
862 3041 901 3083 ac
931 3020 1132 3082 necessitate
1159 3017 1276 3081 hostili
1301 3023 1337 3082 et

180 3129 348 3194 diabolico
370 3127 486 3191 fraude
510 3127 706 3209 subreptum
729 3128 792 3198 est,
808 3122 1018 3206 indulgentia
1039 3126 1104 3184 tuse
1128 3120 1264 3204 pietatis
1286 3119 1337 3205 ig·

180 3242 299 3299 noscat
322 3239 357 3297 et
379 3230 543 3304 absolvat,
561 3233 598 3291 ut
620 3226 786 3291 altaribus
810 3226 916 3289 sacris
936 3230 1073 3308 recepta
1095 3223 1249 3288 veritatis
1271 3228 1337 3287 tuae

180 3333 596 3403 communionereddatur.
641 3330 716 3393 Per.

180 3564 198 3597 ⁴
216 3562 282 3614 This
300 3575 398 3631 prayer
416 3558 439 3610 is
458 3556 541 3610 found
561 3555 591 3607 in
611 3553 659 3607 the
677 3550 805 3606 Gelonion
825 3549 1033 3618 Sacramentary
1053 3544 1213 3616 (Muratori,
1232 3545 1249 3599 i.
1269 3544 1335 3614 607)

180 3651 248 3704 with
263 3649 308 3702 the
321 3647 393 3709 title,
408 3643 593 3698 “Benedictio
605 3658 686 3712 super
703 3639 806 3708 eosqui
820 3639 856 3691 de
874 3637 981 3691 Ariana
993 3635 1026 3688 ed
1040 3634 1209 3688 Catholioam
1223 3632 1338 3687 redeunt

180 3739 346 3795 unitatem.”
383 3735 435 3790 For
448 3735 495 3789 the
514 3739 531 3765 ‘⁴
542 3731 679 3788 haretiooe
697 3728 866 3802 pravitatis''
886 3726 917 3781 oi
932 3726 979 3779 the
992 3733 1059 3792 text,
1073 3725 1095 3777 it
1115 3723 1164 3777 has
1177 3723 1337 3778 “haerescos

180 3827 320 3883 Arianae.”
