3022 4966
476 710 727 775 ORDINATIO
750 710 1070 776 OSTIARIORUM.

250 914 316 974 Post
347 913 476 992 primam
506 912 670 970 orationem.
712 911 823 970 Deinde
856 913 947 970 sedeat
981 913 1124 990 epiecopus
1158 919 1222 968 cale
1252 910 1351 978 altare,

198 1029 341 1066 corruerem
368 1009 407 1065 cd
435 1007 636 1076 ordinandum,
662 1014 686 1063 et
713 1007 929 1065 archidiaconus
956 1007 989 1064 in
1013 1027 1085 1084 capo
1110 1006 1200 1064 serico
1226 1005 1352 1076 indutus,

199 1105 345 1162 levcmililer
365 1103 513 1180 respiciens
534 1103 566 1158 ia
585 1102 752 1178 episcopum
768 1122 832 1159 cum
851 1101 896 1159 his
916 1102 1004 1159 υοτὸιζι
1018 1102 1181 1179 alloquitur,
1198 1100 1241 1158 ilo
1260 1099 1353 1158 dicem

198 1199 299 1257 stando
312 1207 337 1256 et
350 1199 434 1275 quasi
446 1217 521 1254 more
536 1197 660 1253 lectionis
675 1195 794 1270 leqcndo.

242 1294 394 1358 Postulat
420 1293 489 1356 haec
517 1298 633 1355 sancta
656 1291 806 1366 ecclesia,
832 1292 1013 1354 reverende
1044 1297 1148 1374 pater,
1174 1292 1234 1354 hos
1265 1291 1353 1353 viros

199 1398 367 1461 ordinibus
383 1403 490 1481 aptos,
506 1394 692 1458 consecrari
710 1394 771 1456 sibi
789 1417 809 1457 a
825 1401 937 1456 vestra
952 1395 1164 1476 paternitate.

455 1506 458 1511 ’
597 1501 785 1579 Responsio
802 1501 962 1579 episcopi.

241 1603 326 1668 Vide
355 1611 392 1668 ut
417 1608 548 1677 natura,
577 1602 726 1677 scientia,
753 1609 788 1665 et
813 1603 970 1676 moribus,
997 1599 1083 1663 tales
1110 1605 1226 1684 perte
1252 1599 1353 1663 intro·

198 1707 368 1782 ducantur,
399 1708 465 1770 imo
499 1705 586 1770 tales
616 1725 676 1787 per
710 1725 770 1767 nos
800 1702 834 1767 in
868 1704 964 1767 domo
994 1703 1126 1766 Domini
1160 1702 1354 1766 ordinentur

198 1831 354 1894 personae,
370 1830 429 1893 per
444 1828 527 1892 quas
549 1805 700 1870 diabolus
716 1805 828 1890 procul
852 1805 1006 1890 pellatur,
1023 1813 1057 1869 et
1079 1805 1188 1870 clerus
1210 1804 1351 1869 Domino

199 1920 313 1977 nostro
329 1911 576 1997 multiplicetur.

542 2013 733 2093 Responsio
749 2012 995 2075 archidiaconi.

243 2115 407 2201 Quantum
431 2115 471 2181 ad
488 2116 668 2179 humanum
689 2124 817 2198 spectat
838 2137 985 2191 examen,
1008 2120 1138 2191 natura,
1155 2116 1302 2193 scientia,
1319 2124 1355 2181 et

197 2220 344 2284 moribus
366 2220 456 2304 digni
481 2218 655 2295 habentur,
682 2226 717 2282 et
742 2219 836 2302 probi
863 2226 1095 2303 cooperatores
1121 2220 1204 2283 effici
1227 2221 1262 2283 in
1288 2220 1352 2296 his,

201 2324 270 2386 Deo
286 2322 427 2397 volente,
444 2327 593 2405 possunt.

252 2507 359 2578 Quibus
379 2505 502 2584 expletis,
518 2506 596 2566 dieat
617 2504 758 2582 episcopus
778 2506 850 2563 lane
870 2508 1024 2564 orationem
1044 2507 1154 2584 publice
1173 2507 1272 2567 stando
1293 2508 1354 2567 nae

200 2611 275 2661 nota.

221 2697 412 2762 Auxiliante
423 2695 564 2761 Domino
576 2703 611 2761 et
623 2695 787 2759 salvatore
800 2701 913 2761 nostro
925 2697 946 2761 J
948 2719 1006 2761 esu
1019 2698 1162 2774 Christo,
1173 2705 1352 2782 presentes

199 2803 319 2867 fratres
334 2804 440 2866 nostri
455 2803 489 2864 in
506 2823 635 2865 sacrum
651 2800 797 2864 ordinem
814 2801 909 2866 electi
931 2808 1008 2865 sunt
1023 2824 1044 2866 a
1060 2803 1153 2866 uobis
1169 2809 1204 2867 et
1225 2803 1353 2869 clericis

200 2906 274 2969 huic
300 2912 420 2970 sancta
452 2905 520 2969 sedi
551 2905 799 2981 famulantibus,
823 2905 882 2968 alii
911 2905 953 2970 ad
984 2907 1124 2970 officium
1155 2908 1353 2992 presbiterii,

199 3007 337 3071 diaconii
355 3007 406 3070 vel
423 3008 637 3083 subdiaconii,
653 3007 784 3090 quidam
803 3028 881 3071 vero
897 3009 938 3072 ad
954 3016 1088 3074 caeteros
1112 3009 1353 3077 ecclesiasticos

200 3108 344 3194 gradus:
368 3109 513 3192 proinde,
531 3110 743 3172 admonemus
759 3115 794 3172 et
808 3110 1015 3193 postulamus
1038 3119 1107 3176 tam
1123 3133 1182 3176 vos
1204 3113 1353 3192 clericos,

199 3236 298 3300 quam
314 3221 464 3278 caeterum
482 3213 647 3298 populum,
664 3221 702 3277 ut
716 3235 776 3298 pro
792 3217 886 3280 nobis
902 3223 936 3281 et
950 3239 1009 3302 pro
1025 3218 1093 3281 illis
1108 3239 1190 3301 puro
1205 3221 1302 3284 corde
1319 3228 1354 3286 et

200 3319 328 3382 sincera
342 3323 451 3380 mente
467 3316 553 3400 apud
569 3318 712 3382 divinam
725 3317 932 3383 clementiam
948 3322 1150 3384 intercedere
1162 3322 1352 3407 dignemini,

198 3428 363 3505 quatenus
389 3440 449 3484 nos
475 3420 593 3505 dignos
618 3421 720 3485 faciat
746 3441 805 3506 pro
826 3421 895 3485 illis
917 3425 1075 3501 exaudiri,
1099 3433 1133 3489 et
1157 3446 1214 3490 eos
1236 3448 1352 3494 unum·

200 3545 361 3609 quemque
373 3523 406 3586 in
424 3544 484 3587 suo
497 3524 609 3588 ordine
622 3523 757 3610 eligere,
769 3530 803 3589 et
819 3547 1009 3592 consecrare
1022 3549 1081 3611 per
1092 3550 1209 3593 manus
1221 3540 1354 3599 nostras

197 3629 361 3714 dignetur.
409 3627 518 3710 Siquis
542 3628 642 3692 habet
669 3634 780 3692 autem
803 3628 928 3713 aliquid
950 3639 1066 3695 contra
1087 3632 1148 3696 hos
1172 3634 1270 3712 viros,
1292 3659 1352 3721 pro

199 3732 279 3808 Deo,
303 3737 338 3795 et
359 3737 496 3817 propter
517 3730 633 3807 Deum,
655 3753 727 3795 cum
752 3732 870 3797 fiducia
892 3741 990 3799 exeat
1013 3741 1048 3800 et
1069 3736 1167 3801 dicat.
1212 3740 1353 3805 Verum-

201 3846 309 3898 tamen
328 3855 453 3897 memor
469 3835 512 3899 sit
528 3834 766 3899 communionis
783 3844 797 3872 ⁸
814 3857 888 3900 suae.

198 4049 211 4076 ⁸
230 4037 265 4091 al.
303 4037 475 4092 conditionis.
