3022 4966
194 384 258 450 234
497 385 749 464 Intltronizatio
765 386 1040 470 Arcticpiecopi.

233 589 411 669 Respondeat
424 591 515 650 altera
528 591 672 650 medietas.

238 687 440 754 Benedictus
462 688 519 773 qui
543 688 576 752 in
598 688 721 754 throne
743 686 1031 774 arehiepiscopum
1053 693 1088 754 te
1110 709 1253 776 regnare
1276 711 1357 756 con-

196 789 320 855 stituit.

234 892 312 954 Item
320 894 424 972 primi.

238 988 386 1075 Fulgeue
401 990 464 1055 hcc
478 991 513 1053 in
529 988 638 1075 glorie
654 1010 715 1074 per
730 989 833 1076 longe
847 989 949 1075 hujus
965 990 1042 1056 vitae
1058 996 1221 1077 tempore.

236 1091 313 1152 Item
325 1093 450 1152 coeundi.

238 1187 352 1253 Donec
367 1208 388 1253 e
402 1187 543 1253 Domino
557 1186 629 1252 Deo
645 1193 703 1252 tuo
719 1187 880 1254 invitetur
895 1186 1068 1273 possideas
1080 1186 1201 1254 stolum
1218 1184 1354 1255 inimor-

197 1291 344 1358 telitctis
358 1291 394 1356 in
409 1291 493 1356 solio
508 1290 604 1376 regni
620 1289 775 1356 coelestie.

243 1397 463 1479 Respondeat
478 1395 612 1473 chorae,
628 1397 746 1459 Amen.

240 1500 413 1577 Onesicrito,
427 1498 544 1557 dicatur
556 1499 649 1558 oratio
663 1499 720 1557 loec
733 1497 769 1555 ub
782 1517 839 1555 uno
852 1497 989 1575 episcopo.

255 1595 359 1672 Deus,
389 1593 445 1680 qui
476 1593 651 1661 ecclesium
680 1599 772 1659 tuem
807 1592 984 1678 multiplici
1013 1615 1187 1659 munerum
1218 1599 1354 1661 tuorum

199 1699 358 1786 largitate
381 1696 539 1775 laetificus,
556 1697 698 1762 concede
720 1695 846 1761 famulo
868 1701 927 1760 tuo
942 1695 986 1760 N.
1003 1717 1101 1781 quem
1124 1698 1286 1764 hodierne
1302 1701 1359 1766 die

199 1801 389 1890 apostolicae
411 1800 588 1886 dignitatis
610 1800 817 1865 sublimitate
840 1803 874 1863 et
899 1799 1117 1865 sacratissimi
1139 1801 1235 1886 pnllii
1257 1803 1360 1875 bene·

200 1905 344 1971 dictione
381 1903 597 1980 confirmasti,
634 1903 798 1968 virtutum
837 1901 948 1971 titulis
984 1902 1121 1988 pollere,
1155 1925 1284 1969 morum
1323 1913 1361 1973 et

200 2008 395 2074 meriturum
418 2006 530 2090 gratia.
551 2007 744 2082 clarescere,
760 2024 964 2092 gregemque
988 2005 1051 2070 eibi
1075 2007 1237 2073 creditum
1258 2010 1361 2096 digne

200 2134 240 2179 cc
255 2110 399 2175 fideliter
410 2129 546 2194 regere;
570 2116 736 2195 quatenus
751 2130 825 2173 cum
838 2129 877 2173 eo
889 2115 1069 2187 mereatur,
1080 2110 1211 2176 devicto
1228 2113 1362 2193 seculo,

200 2215 242 2282 cd
258 2233 383 2300 pascue
397 2211 477 2301 vitre¹
487 2214 645 2298 perennis
660 2212 805 2278 feliciter
820 2211 1005 2297 pervenire.

240 2316 299 2377 Hir
313 2315 408 2387 diuis,
425 2315 512 2375 mictu
527 2316 685 2376 celebretur.
