3022 4966
524 385 574 448 De
592 382 827 448 Celebratione
843 384 1031 468 Pontificis.

434 555 487 612 Aa
501 555 650 613 Amictnm
664 555 864 632 imponesdam
877 555 968 632 capiti
980 575 1029 611 mco
1043 554 1128 611 dicat.

249 649 393 733 Spiritus
425 650 566 716 Sanctus
596 651 809 734 superveniat
838 650 872 713 in
901 671 963 726 me,
994 655 1030 714 et
1060 649 1166 714 virtus
1196 646 1362 712 Altissimi

206 753 417 817 obumbrabit
431 758 530 838 caput
546 774 665 818 meum.

697 855 748 912 Ad
762 853 879 911 Albam.

251 950 411 1014 Miserere
427 950 501 1026 mei,
517 949 619 1027 Deus,
636 950 792 1014 miserere
815 949 890 1025 mei,
906 954 941 1013 et
962 950 1085 1014 munda
1106 970 1158 1012 me
1181 969 1202 1012 a
1217 946 1365 1011 reatibus

210 1051 348 1127 cunctis,
365 1059 403 1116 ut
417 1074 491 1115 cum
507 1052 575 1115 illis
598 1053 653 1136 qui
670 1051 908 1116 dealbaverunt
931 1051 1035 1116 stolas
1051 1072 1131 1116 suas
1146 1051 1180 1114 in
1204 1049 1366 1134 sanguina

213 1154 301 1239 Agni
318 1174 505 1217 mereamur
519 1154 644 1238 perfrui
660 1154 791 1240 gaudiis
807 1155 986 1238 perpetuis.

701 1256 751 1313 Ad
764 1257 882 1315 Zonam.

256 1350 422 1435 Praecinge
449 1371 511 1427 me,
531 1349 682 1427 Domine,
706 1371 789 1414 zona
810 1350 962 1433 justitiae,
986 1357 1021 1412 et
1046 1349 1237 1435 constringe
1262 1349 1295 1410 in
1319 1368 1369 1409 me

214 1453 468 1517 delectationem
484 1451 546 1516 Dei
562 1458 597 1516 et
612 1452 762 1538 proximi.

701 1554 753 1610 Ad
767 1553 883 1613 Stoloni.

261 1649 355 1713 Stola
381 1649 521 1731 justitia
552 1648 728 1725 circumda,
754 1648 905 1723 Domine,
932 1651 1092 1713 cervicem
1123 1667 1241 1722 meam,
1272 1655 1306 1709 et
1332 1649 1372 1709 ub

216 1752 303 1816 omni
320 1753 530 1833 corruptione
546 1752 671 1834 peccati
688 1752 825 1835 purifica
843 1766 983 1814 mentem
1001 1772 1119 1815 meam.

685 1853 737 1908 Ad
753 1853 902 1911 Tunicam.

264 1947 369 2011 Indue
384 1968 446 2021 me,
463 1945 613 2023 Domine,
630 1948 827 2010 vestimento
844 1947 973 2023 salutis,
990 1953 1024 2011 et
1046 1947 1239 2011 indumento
1260 1945 1380 2010 laetitite

222 2049 388 2115 circumda
403 2071 454 2110 me
472 2070 612 2131 semper.

659 2152 710 2208 Ad
726 2149 932 2208 Dalmaticum.

269 2246 321 2311 Da
351 2245 442 2322 mihi,
467 2245 618 2322 Domine,
647 2267 780 2309 sensum
806 2254 842 2309 et
871 2267 995 2323 vocem,
1023 2255 1060 2311 ut
1090 2248 1213 2332 possim
1245 2252 1380 2310 cantare

225 2349 357 2415 laudem
373 2356 464 2413 tuam
482 2349 524 2413 ad
539 2351 624 2413 hanc
640 2350 786 2413 missam.

694 2450 745 2508 Ad
758 2451 912 2508 Fananem.

245 2543 247 2546 ’
272 2545 375 2608 Indue
399 2563 461 2620 me,
484 2544 585 2609 Pater
606 2544 872 2622 clementissime,
896 2567 1016 2609 novum
1040 2545 1215 2623 hominem,
1238 2546 1388 2630 deposito

231 2648 333 2712 veteri
360 2668 433 2711 cum
459 2648 589 2711 actibus
610 2647 690 2723 suis,
710 2649 766 2730 qui
795 2648 973 2712 secundum
1000 2647 1106 2712 Deum
1131 2656 1261 2712 creatus
1282 2661 1335 2712 est
1357 2650 1389 2711 in

225 2751 360 2834 justitia
374 2756 409 2814 et
424 2750 602 2814 sanctitate
620 2750 782 2814 veritatis.

703 2851 756 2907 Ad
772 2851 914 2911 Catulum.

274 2947 377 3011 Indue
402 2967 464 3021 me,
487 2946 637 3022 Domine,
660 2946 764 3011 lorica
787 2947 863 3009 fidoi
891 2953 925 3010 et
951 2946 1050 3032 galea
1076 2946 1194 3011 salutis
1217 2969 1256 3012 sc
1278 2947 1388 3033 gladio

233 3051 377 3135 Spiritus
394 3049 516 3113 Sancti.
562 3052 679 3113 Amen.

281 3165 392 3224 Deinde
412 3165 489 3222 dicat
517 3166 659 3242 episcopm
680 3175 849 3242 antequam
870 3166 981 3224 accedat
1001 3167 1040 3224 ad
1060 3167 1157 3240 altare,
1201 3168 1333 3228 introibo
1354 3173 1391 3227 ad

235 3262 326 3320 altare
345 3261 407 3332 llei,
423 3259 470 3316 dc.
486 3267 517 3316 ut
532 3260 686 3317 continetur
700 3261 733 3318 in
745 3261 870 3318 Missali.

285 3354 357 3414 Gom
378 3375 440 3411 vero
461 3353 601 3430 epismpns
622 3355 728 3411 miserit
748 3355 873 3412 casulam
895 3363 919 3412 et
940 3355 1002 3413 alia
1023 3356 1187 3415 indumento
1207 3358 1388 3435 episcopalia,

235 3451 312 3506 ‹iicat
325 3448 372 3506 lios
386 3446 515 3525 paulinos,
531 3448 580 3503 act
593 3469 649 3505 uno
665 3447 767 3508 Gloria
781 3449 874 3519 Patri,
891 3469 954 3508 curn
969 3449 1022 3507 linc
1036 3450 1200 3528 antiphona,

281 3544 394 3608 Trium
411 3564 596 3626 puerorum.

285 3647 340 3708 Pe.
365 3645 552 3708 Benedicite
569 3645 767 3722 sacerdotes,
784 3669 889 3729 nsque
905 3649 953 3710 ad
961 3649 1074 3730 finem.
1120 3647 1216 3728 [Dan.
1234 3651 1278 3714 iii.
1295 3651 1350 3736 83]

369 3747 517 3810 Laudate
533 3745 708 3810 Dominum
723 3748 758 3811 in
774 3750 900 3812 sanctis
915 3748 998 3832 ejus.
1043 3750 1100 3828 lPs
1116 3750 1168 3836 cl]

287 3851 346 3912 Pe.
369 3849 466 3912 Nunc
481 3848 630 3913 dimittis.
676 3847 722 3928 [S.
738 3849 817 3913 Luc.
835 3851 867 3912 ii.
886 3853 951 3936 29.]

331 3950 444 4014 Gloria
459 3950 561 4014 Patri.
608 3951 796 4015 Sicuterat.

288 4055 417 4118 Deinde
433 4054 562 4115 dicitur
577 4055 777 4134 antiphona,
827 4055 937 4118 Trium
957 4078 1140 4139 puerorum.
