3022 4966
390 399 570 459 Ordinatio
591 398 816 461 Diaconorurn
834 407 865 459 er
882 398 1114 458 Socerdntnrn.
1285 389 1328 449 25

218 598 263 661 Ia
277 600 555 665 reconciliatione
571 600 721 665 ecclesia
735 600 788 664 vel
803 600 992 663 coemeterii.

219 699 267 765 Ut
291 701 464 767 ecclesiam
487 703 586 767 istam
613 702 665 766 vel
690 702 908 767 caemeterium
940 700 1027 765 istud
1055 697 1266 762 reconciliare
1294 700 1329 757 et

174 809 402 885 cousecrslsare
418 804 574 891 digneris,
590 811 623 869 te
640 825 804 890 rogamus,
821 804 897 868 audi
913 824 983 867 uos.

218 905 263 969 In
279 909 505 972 benedictione
521 929 776 989 carnponararn.

216 1007 265 1072 Ut
287 1009 373 1073 hano
399 1031 591 1093 campanam
617 1009 853 1087 beneffldicere,
879 1008 1131 1087 sanctivlsficare,
1156 1010 1191 1067 et
1212 1021 1326 1065 conse·

174 1117 307 1193 cmx-are
322 1111 479 1197 digneris,
495 1119 529 1177 te
545 1134 712 1197 rogamus,
728 1113 804 1177 audi
820 1134 892 1177 nos.

217 1215 262 1277 Ia
277 1217 490 1280 dedicatione
505 1219 624 1281 criseis.

219 1315 269 1381 Ut
304 1317 390 1381 hano
421 1338 549 1383 crucem
582 1318 821 1402 beneffldicere,
860 1317 1110 1399 sanctifflireare,
1142 1322 1177 1378 et
1214 1331 1327 1376 eonse-

174 1417 308 1498 cnlmre
323 1420 479 1506 digneris,
496 1426 529 1484 te
545 1441 710 1505 rogamus,
727 1419 804 1483 audi
820 1440 890 1483 nos.

222 1518 287 1578 Hoc
308 1530 423 1598 paramo
448 1522 611 1597 gerrastcctat
639 1523 780 1599 episcopua
807 1542 871 1579 rom
898 1520 1038 1577 ministris
1065 1540 1150 1596 saque
1176 1518 1215 1574 od
1236 1517 1325 1593 finem

175 1615 295 1673 litania.

217 1708 324 1767 Clerici
335 1718 538 1787 prosequantur
552 1710 686 1767 litaniam
699 1711 748 1766 sic.

220 1802 271 1868 Ut
285 1803 456 1888 episcopos
472 1812 506 1868 et
528 1805 667 1869 abbates
689 1812 823 1869 nostros
838 1807 871 1867 iu
888 1812 1003 1869 sancta
1025 1804 1183 1887 religione
1199 1820 1329 1865 conser-

176 1926 256 1970 vare
271 1905 428 1990 digneris,
444 1912 477 1970 te
492 1927 658 1992 rogamus,
675 1907 751 1971 audi
767 1927 838 1970 nos.

220 2008 269 2072 Ut
279 2008 352 2093 regi
367 2014 482 2071 nostro
499 2015 533 2072 et
544 2009 746 2094 principibus
761 2008 887 2072 nostris
899 2028 1010 2092 pacem
1028 2014 1062 2070 et
1074 2028 1184 2070 veram
1198 2024 1329 2068 concor·-

175 2109 265 2173 diam
281 2115 382 2193 atque
397 2110 569 2175 victoriam
584 2111 707 2175 donare
722 2112 881 2196 digneris,
897 2120 931 2174 te
947 2130 1113 2194 rogamus,
1129 2108 1204 2173 audi
1221 2128 1291 2171 nos.

220 2213 269 2277 Ut
288 2214 564 2298 congregationes
580 2217 724 2279 omnium
741 2226 928 2280 sanctorum
944 2222 1075 2278 tuorum
1092 2216 1124 2277 in
1141 2222 1199 2278 tuo
1216 2218 1329 2277 sancto

176 2314 314 2379 servitio
329 2334 526 2379 conservare
541 2316 698 2401 digneris,
716 2324 748 2381 te
764 2338 929 2402 rogamus,
945 2316 1021 2380 audi
1037 2338 1107 2379 uos.

220 2414 269 2479 Ut
294 2422 448 2479 cunctum
478 2417 634 2501 populum
662 2416 886 2483 Christianum
914 2419 1057 2503 pretioso
1085 2418 1245 2503 sauguine
1272 2423 1329 2480 tuo

176 2517 383 2601 redemptum
400 2540 592 2584 consecrare
608 2521 764 2606 digneris,
780 2529 813 2585 te
830 2542 995 2606 rogamus,
1010 2522 1088 2584 audi
1104 2542 1174 2584 uos.

223 2620 273 2685 Ut
294 2622 445 2685 omuibus
468 2623 733 2687 benefactoribus
755 2625 879 2687 nostris
905 2623 1105 2707 sempiterna
1127 2624 1214 2687 bona
1236 2621 1331 2683 retri-

178 2726 273 2800 buas,
287 2730 321 2788 te
337 2745 504 2810 rogamus,
519 2727 596 2790 audi
612 2748 681 2789 nos.

239 2826 288 2890 Ut
317 2828 444 2891 animas
478 2835 610 2894 nostras
644 2837 678 2893 et
710 2837 884 2913 parentum
915 2836 1102 2892 nostrorum
1137 2828 1178 2891 ab
1209 2832 1332 2889 aeterua

179 2928 390 2995 damnatione
406 2931 538 3015 eripias,
553 2939 587 2995 te
603 2952 768 3017 rogamus,
785 2932 861 2993 audi
878 2951 947 2992 nos.

225 3030 274 3095 Ut
291 3030 420 3096 fructus
442 3039 539 3096 terrm
562 3033 640 3097 dare
664 3040 697 3097 et
720 3052 914 3096 conservare
937 3030 1093 3115 digneris,
1110 3037 1142 3094 te
1165 3052 1331 3115 rogamus,

180 3137 258 3203 audi
274 3159 344 3203 nos.

225 3240 273 3303 Ut
287 3241 400 3305 oculos
415 3241 645 3306 misericordius
662 3253 724 3306 tuae
748 3263 848 3326 super
871 3263 931 3305 nos
946 3241 1101 3305 reducere
1124 3241 1281 3325 digneris,
1299 3251 1330 3304 tc

179 3362 346 3427 rogamus,
364 3344 526 3409 audinus.

225 3444 273 3509 Ut
294 3445 487 3529 obsequium
504 3448 675 3510 servitutis
698 3454 818 3510 nostra
841 3446 1037 3510 rationabile
1059 3446 1171 3520 iacias,
1187 3451 1220 3508 te
1237 3465 1330 3530 roga·

180 3568 266 3623 mus,
282 3547 360 3612 audi
376 3568 446 3612 nos.

225 3646 275 3712 Ut
288 3655 417 3713 mentes
434 3658 565 3713 nostras
581 3651 622 3715 ad
639 3651 785 3714 coelestia
804 3650 968 3713 desideria
983 3650 1102 3734 erigas,
1119 3654 1152 3711 te
1169 3669 1334 3732 rogamus,

182 3750 346 3814 audinus.

228 3850 276 3915 Ut
301 3851 453 3915 miserias
483 3874 661 3937 pauperum
689 3865 724 3916 et
750 3854 953 3937 captivorum
982 3850 1101 3916 intueri
1127 3857 1162 3913 et
1187 3848 1334 3914 relevare

181 3952 341 4038 digneris,
357 3959 391 4016 te
407 3973 572 4037 rogamus,
588 3953 663 4018 audi
681 3975 751 4018 nos.

227 4055 274 4119 Ut
295 4055 448 4119 omnibus
467 4055 618 4120 fidelibus
640 4056 804 4120 defunctis
826 4055 971 4139 requiem
995 4060 1148 4118 aternam
1172 4053 1285 4130 donas,
1302 4063 1334 4120 te

180 4176 348 4241 rogamus,
365 4156 442 4220 audi
458 4177 528 4219 uos.

270 4257 365 4320 Pout.
384 4259 405 4320 3
