3022 4966
322 395 388 460 282
477 393 522 457 Ia
541 394 808 458 Goacecrattoac
826 390 967 474 Reyiaoe
982 386 1147 451 Matildoe
1161 383 1321 448 Lituaia.

536 600 632 666 Utor.
679 596 836 662 Christus
853 595 967 659 vincit.
996 592 1151 658 Christus
1167 596 1300 675 regnat.
1328 587 1503 655 Christus

688 702 843 785 imperat.
1002 680 1008 694 ⁵

538 809 636 870 dant.
767 804 849 867 Vita
865 807 902 866 et
917 800 1010 866 salus
1026 807 1154 864 nostra.

544 906 642 971 ant.
683 907 754 991 Ipsi
785 904 848 969 soli
878 905 1167 987 honor....per
1197 899 1332 965 infinita
1364 898 1500 965 saecula

689 1008 896 1073 sacculorum.

538 1112 638 1179 Odor.
770 1111 840 1196 Ipsi
856 1108 978 1194 gloria.

539 1217 636 1279 Cant.
682 1214 752 1298 Ipsi
784 1211 847 1276 soli
878 1211 980 1276 decus
1010 1215 1046 1274 et
1077 1213 1231 1294 potestas
1261 1212 1296 1272 et
1325 1254 1333 1270 .
1358 1253 1399 1270 ..
1430 1227 1499 1291 per

689 1315 820 1380 infinita
837 1313 958 1378 saecula
974 1311 1181 1376 saeculorum.

539 1420 637 1483 Odor.
769 1419 840 1503 Ipsi
856 1417 978 1502 gloria.

537 1523 636 1584 Cant.
684 1520 756 1604 Ipsi
781 1519 903 1603 gloria,
930 1518 1006 1582 laus
1034 1515 1240 1599 etjubilatio
1267 1535 1328 1599 per
1354 1511 1500 1581 infinita

326 1623 448 1689 saecula
463 1624 690 1688 saeculorum*

369 1726 550 1790 Benedicat
579 1746 641 1789 nos
671 1725 785 1790 divina
818 1724 979 1806 majestas
1010 1721 1153 1785 Domini.
1215 1721 1398 1785 Benedicat
1429 1743 1499 1786 nos

325 1828 472 1912 Spiritus
490 1828 633 1893 Sanctus
645 1828 702 1912 qui
718 1830 751 1891 in
769 1828 878 1913 specie
891 1827 1049 1890 columbae
1062 1826 1095 1888 in
1110 1825 1131 1889 J
1134 1825 1255 1889 ordane
1270 1825 1372 1887 fluvio
1386 1845 1499 1910 super

222 1915 224 1920 ¹
325 1929 496 1995 Christum
509 1932 685 2014 requievit.
730 1931 794 1994 Ille
808 1951 869 1993 nos
884 1929 1060 1994 benedicat
1071 1930 1127 2012 qui
1141 1929 1181 1990 de
1194 1928 1274 1992 coelo
1288 1928 1503 1996 descendere

324 2031 483 2118 dignatus
499 2034 601 2096 estin
617 2038 742 2098 terram
759 2034 848 2098 etde
871 2054 931 2097 suo
948 2038 1064 2096 sancto
1081 2033 1243 2116 sanguine
1259 2052 1320 2094 nos
1335 2032 1503 2102 redemit.

328 2134 513 2199 Benedicat
523 2135 685 2200 Dominus
697 2135 921 2201 sacerdotium
932 2141 1085 2200 nostrum
1098 2141 1133 2200 et
1144 2135 1317 2200 introitum
1328 2143 1507 2205 nostrum.

329 2236 491 2300 Alleluia.

373 2339 491 2405 Gloria
507 2341 626 2405 victori
643 2340 688 2405 sit
704 2340 838 2406 Christo
854 2340 953 2405 laude
970 2341 1130 2424 perenni;

374 2443 438 2528 Qui
455 2465 556 2529 super
571 2451 666 2509 astra
681 2450 805 2522 manet,
821 2446 918 2528 cujus
935 2444 1076 2509 victoria
1090 2442 1207 2529 pollet.

551 2547 666 2612 Gloria
681 2548 810 2613 victori.

373 2649 438 2714 Pro
455 2650 568 2713 mundi
585 2652 655 2714 vita
671 2650 874 2735 persolvitur
889 2651 1002 2715 hostia
1016 2651 1105 2726 viva,

376 2753 481 2838 Quam
498 2775 588 2817 mors
605 2754 683 2816 dum
698 2754 839 2830 mordet,
856 2755 948 2818 necis
965 2754 998 2816 in
1015 2774 1051 2817 se
1068 2752 1136 2818 tela
1151 2757 1334 2836 retorquet.

551 2855 667 2920 Gloria
682 2857 813 2920 victori.

376 2960 441 3023 Per
456 2960 575 3023 mortis
591 2960 733 3042 pretium
751 2960 958 3024 Pharaonem
976 2960 1060 3024 vicit
1075 2960 1234 3043 iniquum,

376 3061 424 3125 Et
440 3061 590 3144 spolians
606 3061 753 3137 erebum,
770 3064 866 3126 nobis
882 3063 975 3127 dedit
991 3067 1083 3126 astra
1098 3061 1261 3147 polorum.

552 3162 614 3245 Qui
631 3185 732 3248 super
748 3171 852 3230 astra.

377 3266 462 3329 Ecce
480 3288 596 3350 preces
612 3273 756 3343 nostras,
773 3290 857 3351 quas
872 3267 1051 3343 fundimus,
1069 3267 1185 3331 audiat
1200 3266 1294 3342 istas,

379 3369 527 3432 Cunctos
543 3371 600 3453 qui
617 3372 743 3454 proprii
760 3393 821 3435 nos
838 3371 1011 3456 sanguinis
1027 3370 1138 3434 abluit
1153 3370 1260 3434 undis.

555 3471 680 3536 Gloria.

380 3574 534 3637 Moribus
556 3581 711 3639 ornatum
736 3576 923 3640 Salomonis
948 3576 1039 3640 fonte
1062 3576 1229 3660 repletum
1244 3577 1319 3661 (uel
1339 3579 1508 3668 dogmat

378 3678 552 3743 Poscimus
570 3679 756 3764 Angiorum
773 3686 924 3745 nostrum
942 3680 1052 3745 salvet
1066 3680 1242 3744 basileum.
1331 3680 1498 3768 [plenum

571 3782 632 3865 Qui
650 3803 751 3865 super
765 3790 870 3848 astra.

377 3882 553 3946 Poscimus
570 3889 606 3946 et
622 3889 773 3948 nostram
790 3886 901 3950 salvet
918 3884 1074 3951 Christus
1090 3886 1265 3962 basileam,

378 3984 538 4050 Nobilem
555 3992 658 4070 utque
674 3987 764 4070 piam
781 3994 972 4073 gestantem
988 3990 1157 4075 dogmatis
1173 3990 1323 4074 hydram.

563 4090 687 4155 Gloria.

338 4262 355 4295 ¹*
373 4261 430 4315 line
443 4260 493 4316 left
506 4262 591 4317 biauk
604 4263 646 4318 tor
660 4263 758 4319 rubrio.
