3022 4966
11 460 18 487 ,
119 367 126 373 -
159 411 223 476 388
268 412 318 477 De
337 412 514 478 Coloritua
536 412 817 477 Vectimcatorum
833 413 869 474 in
885 408 980 473 Ecct.
1000 404 1200 470 Exorienai.

706 585 766 650 VI.

200 757 451 826 Ecclesiastioal
470 759 609 826 Colours
625 759 804 844 according
819 763 854 822 to
870 757 928 821 the
944 755 1015 820 Use
1031 753 1068 817 of
1088 752 1213 817 Exoter
1224 747 1310 809 from

162 862 249 927 MSS
264 863 301 927 of
320 864 378 928 the
400 865 495 928 xivth
511 863 576 929 and
599 865 682 928 xvth
706 857 1084 945 ¹Century,na1nelytl1e
1108 847 1311 921 Pontificals,

161 968 344 1033 numbered
367 969 496 1046 XXVI,
519 969 686 1046 XXVIII,
702 968 766 1032 and
790 965 911 1031 XXIX
934 967 967 1027 in
990 963 1047 1027 the
1071 961 1130 1025 list
1152 959 1250 1044 given
1274 959 1310 1018 at

159 1095 181 1158 p
197 1095 219 1136 x
234 1073 272 1138 oi
283 1074 341 1138 the
357 1073 506 1139 Preface.

197 1277 247 1342 Dc
256 1276 425 1344 coloribus
437 1279 709 1344 vestimentorum
720 1276 900 1341 secundum
911 1275 1095 1339 Romanam
1106 1268 1304 1340 Ecclesiam,

242 1382 375 1467 quando
395 1388 430 1448 et
445 1384 578 1468 quoties
593 1404 787 1468 perannum
805 1380 908 1446 variis
923 1379 1090 1443 coloribus
1105 1377 1141 1439 in
1156 1372 1307 1438 Ecclesia

253 1486 414 1551 utendum
431 1493 495 1551 cst.

226 1589 277 1652 Dc
293 1590 373 1653 alto
389 1589 513 1654 colore.

199 1691 307 1757 Albus
323 1691 414 1757 color
428 1693 519 1759 inter
530 1715 645 1758 omnes
660 1693 790 1758 colores
804 1697 858 1757 est
873 1694 975 1778 prior,
988 1689 1112 1776 purior,
1126 1685 1308 1771 simplicior

254 1803 289 1860 ct
304 1796 476 1874 festivior3
500 1798 575 1863 idco
592 1798 736 1863 utendus
752 1803 816 1874 est,

154 1938 159 1951 ι
200 1899 241 1963 In
256 1899 309 1964 die
325 1901 463 1966 Natalis
478 1902 613 1966 Domini
630 1908 770 1987 propter
784 1902 936 1987 Virginis
951 1905 1083 1986 parturn
1098 1921 1105 1959 :

200 2004 244 2069 Et
258 2005 293 2068 in
308 2005 361 2069 die
378 2006 486 2070 sancti
500 2005 522 2069 J
525 2007 669 2070 ohannis
684 2005 909 2092 Evangelistae
926 2010 961 2069 et
974 2003 1148 2087 Virginis:

203 2108 249 2173 Et
265 2116 361 2174 sexta
375 2110 429 2174 dic
445 2110 603 2176 Natalis:
721 2139 724 2145 ·

199 2213 245 2278 Et
261 2215 295 2277 in
311 2215 364 2277 die
381 2213 673 2279 circumcisionis:

201 2317 247 2382 Et
265 2319 299 2381 in
316 2317 443 2383 Octava
461 2317 493 2381 S.
509 2318 694 2383 Johannis:

203 2422 243 2487 In
259 2422 389 2508 Vigilia
404 2426 438 2488 et
453 2422 488 2485 in
504 2422 557 2486 die
573 2429 608 2486 et
622 2444 683 2507 per
697 2428 788 2488 totas
803 2421 948 2488 Octavas
963 2420 1179 2506 Epiphania:

201 2528 241 2590 In
258 2526 504 2602 Purificatione,
519 2533 554 2591 ct
574 2527 729 2592 omnibus
745 2527 857 2592 Festis
873 2534 908 2592 et
930 2522 1308 2590 Commemorationibus

257 2635 292 2695 et
308 2630 444 2695 Octavia
459 2632 565 2696 beatae
582 2631 718 2696 Maria:

196 2733 236 2798 In
251 2732 304 2796 die
322 2732 427 2796 (loenae
444 2733 588 2809 Domini,
605 2741 742 2819 propter
758 2735 1042 2799 consecrationem
1060 2733 1255 2796 chrismatis
1275 2736 1310 2793 et

255 2838 505 2903 institutionem
520 2837 742 2903 Eucharistiae
759 2844 795 2902 et
809 2838 968 2902 lotionem
985 2837 1105 2922 pedum
1120 2860 1127 2898 :

203 2940 249 3006 Et
279 2941 312 3003 in
344 2941 473 3026 Vigilia
499 2941 634 3006 Paschae
661 2947 696 3006 et
719 2964 778 3027 per
804 2950 896 3008 totas
919 2943 1074 3017 Octavus,
1098 2946 1133 3004 ct
1158 2942 1311 3003 omnibus

257 3040 441 3105 Dominicis
471 3046 506 3105 et
536 3042 643 3106 Feriis
678 3064 784 3126 usquo
818 3044 860 3107 ad
894 3043 1132 3106 Ascensioncm
1166 3041 1309 3115 Domini,

257 3149 396 3228 propter
410 3152 550 3209 renatos
566 3152 602 3209 et
617 3145 775 3231 gaudium
793 3146 1069 3210 resurrectionis:

205 3248 250 3313 Et
264 3249 298 3313 in
313 3249 367 3313 dic
383 3254 418 3315 et
433 3270 493 3333 per
508 3249 653 3315 Octavas
673 3250 902 3325 Ascenaionis,
920 3257 1057 3335 propter
1072 3250 1157 3312 duos
1173 3247 1262 3310 viros
1279 3248 1311 3309 in

258 3353 346 3419 albis
362 3353 584 3417 assistentes:

205 3455 251 3519 Et
276 3456 310 3518 in
335 3455 434 3520 Festo
458 3456 658 3520 Nativitatis
682 3457 790 3521 sancti
817 3455 981 3520 Johannis
1009 3456 1168 3540 Baptistae
1196 3461 1228 3517 et
1252 3476 1312 3538 per

258 3559 402 3624 Octavas
417 3559 575 3642 ejusdem,
592 3565 729 3645 propter
744 3560 772 3642 ej
780 3581 818 3623 us
835 3560 1051 3624 munditiam:

205 3661 249 3726 Et
272 3662 305 3724 in
329 3663 431 3727 Festo
455 3670 490 3727 et
512 3685 573 3748 per
593 3663 739 3728 Octavas
762 3664 993 3738 Eucharistiae,
1015 3664 1093 3747 quia
1115 3662 1238 3725 candor
1261 3669 1313 3725 est

258 3766 345 3831 lucis
361 3774 511 3832 aeternna:

204 3869 248 3934 Et
262 3871 295 3934 in
312 3872 364 3934 die
382 3872 510 3935 Sanctoe
527 3871 723 3936 Trinitatis:
804 3941 810 3954 .

205 3975 247 4038 Et
263 3975 297 4038 in
313 3974 425 4038 Fastis
441 3973 647 4060 Angelorum
665 3981 699 4038 et
714 3974 915 4060 Virginum:

203 4077 248 4142 Et
259 4079 441 4143 secundum
455 4080 637 4144 Romanam
648 4078 781 4143 Curiam
792 4080 825 4141 in
838 4079 939 4144 Festo
950 4080 1096 4144 omnium
1115 4080 1310 4143 Sanctorum

257 4183 343 4248 albIs
360 4188 412 4247 cst
428 4183 606 4248 utendum:

204 4288 252 4349 Ac
275 4287 375 4351 etiam
398 4287 433 4350 in
456 4285 673 4350 Dedicatione
689 4285 847 4352 Ecclesia
869 4293 903 4352 et
926 4309 985 4371 per
1010 4287 1153 4352 Octavas
1175 4296 1312 4372 propter

258 4391 394 4475 nuptias
411 4390 536 4455 Christi
553 4397 587 4454 et
602 4389 772 4463 Ecclesia.
