3022 4966
524 424 706 488 Ordinatio
722 426 959 490 Sacerdotum.
1273 422 1315 484 41

199 626 396 708 Antequam
409 629 545 691 dicatur
556 627 698 692 collecta
710 631 758 691 od
767 627 1009 709 complendum,
1015 636 1126 710 ponat
1135 630 1314 710 epiecopus

155 748 278 792 manue
292 750 397 811 super
412 732 531 811 capita
546 730 768 814 einpulorum,
784 733 900 795 dicens
915 753 922 794 :

198 830 319 915 Accipe
346 831 505 915 Spiritum
532 838 703 896 sanctum:
731 854 870 916 quorum
894 831 1065 897 remiseris
1090 837 1236 916 peccata,
1260 855 1311 898 re·

154 930 331 997 mittentur
345 934 404 1007 eis,
421 940 456 999 et
470 955 608 1019 quorum
625 935 813 1010 retinueris,
828 940 960 999 retenta
975 939 1082 998 erunt.

200 1032 281 1093 Tunc
294 1036 390 1093 trahat
410 1036 563 1114 unicuique
582 1037 708 1094 rusulum
721 1038 755 1095 in
768 1038 834 1095 sinu
843 1056 897 1115 per
915 1036 1054 1109 scapulae,
1070 1036 1197 1096 anulare
1211 1056 1271 1096 eunt
1287 1045 1312 1095 et

156 1127 251 1187 dicere
261 1152 271 1188 .·

199 1223 269 1287 Pax
285 1229 404 1289 tecum.

201 1326 392 1390 Ordinatur
407 1328 634 1408 respondeat:

198 1426 331 1493 Etcum
348 1428 467 1513 spiritu
483 1435 552 1494 tuo.

195 1526 239 1586 Et
246 1550 301 1608 per
312 1551 414 1588 manus
427 1531 594 1589 commeudet
608 1552 635 1588 ee
648 1531 822 1589 orationibus
835 1551 931 1590 eorum
944 1530 1037 1589 dicens
1051 1553 1060 1588 .·

199 1624 267 1689 Ora
279 1647 339 1709 pro
355 1645 418 1701 me,
433 1625 547 1689 irater.

196 1730 361 1811 Sequitur
375 1729 537 1810 specialis
552 1729 706 1809 ipsorum
722 1729 919 1794 benedictio.

91 1840 94 1846 '
211 1830 402 1894 Benedictio
429 1830 491 1894 Dei
518 1830 663 1904 Pat1⁴ris
690 1836 724 1894 et
749 1831 876 1914 Fiunt,
905 1836 940 1895 et
966 1830 1109 1915 Spiritus
1131 1828 1171 1908 ᾧ
1194 1831 1307 1896 Sancti

154 1933 334 1997 descendet
357 1954 457 2016 super
474 1953 554 2009 v0s;
578 1940 617 1997 ut
637 1934 711 1997 sitis
732 1934 895 1998 benedicti
914 1934 948 1996 iu
971 1933 1084 1997 ordine
1101 1933 1307 2012 sacerdotali,

154 2040 189 2098 et
204 2035 353 2099 offeratis
367 2034 548 2119 placabiles
568 2035 696 2098 hostias
717 2056 776 2118 pro
797 2035 941 2119 peccatis
956 2040 1056 2119 atque
1070 2035 1307 2100 offensionibus

153 2136 276 2221 popuii,
292 2136 509 2220 omnipotenti
531 2136 613 2213 Deo,
629 2138 681 2200 cui
704 2144 757 2201 est
776 2138 883 2201 bonor
899 2143 935 2201 et
948 2137 1066 2221 gloria.
1098 2138 1175 2203 .Per
1198 2139 1307 2203 omnia

155 2239 274 2303 saecula
290 2238 491 2302 saeculorum.
537 2240 652 2303 Amen.

200 2343 360 2407 Omnibus
377 2342 530 2422 captetis,
541 2351 717 2423 proponat
731 2342 780 2406 eie
796 2344 973 2422 episcopas
983 2366 993 2403 .·

196 2443 280 2528 Quia
294 2464 349 2507 res
364 2465 461 2527 quam
485 2444 659 2508 tractaturi
684 2445 776 2519 estis,
792 2444 875 2507 satis
898 2442 1084 2527 periculosa
1106 2450 1168 2520 est,
1183 2443 1306 2509 fratres

152 2545 324 2621 carissimi,
350 2566 467 2608 moneo
494 2566 553 2608 vos
581 2552 619 2609 ut
647 2546 825 2631 diligenter
852 2550 887 2609 et
901 2546 1040 2609 honeste
1067 2546 1169 2610 totius
1199 2547 1307 2611 missa

154 2648 312 2724 ordinem,
328 2652 363 2711 et
385 2648 675 2725 consecrationem,
692 2655 726 2712 et
745 2648 950 2723 fractionem,
967 2655 1066 2731 atque
1089 2648 1308 2712 communica·

152 2752 285 2828 tionem,
309 2750 351 2814 ab
373 2749 448 2814 aliis
468 2749 537 2831 jam
560 2750 666 2814 doctis
693 2750 920 2814 sacerdotibus
944 2750 1090 2826 discatis,
1115 2750 1306 2834 priusquam

153 2852 291 2918 missam
307 2857 442 2916 cantare
459 2854 678 2936 praesumatis.

194 2954 253 3012 Hic
265 2954 434 3030 injunpntur
447 2954 486 3011 eie
500 2954 598 3030 aliqua
622 2953 789 3031 quotidiana
799 2951 976 3029 punitentia,
992 2952 1040 3010 Ps.
1063 2952 1111 3011 Ad
1127 2962 1157 3011 te
1178 2952 1305 3012 Domine

152 3049 254 3121 levavi,
268 3048 309 3106 vel
323 3048 429 3125 aliquis
450 3048 525 3105 alius
534 3049 672 3125 paulinus,
685 3048 728 3105 uel
747 3047 903 3124 antiphona
917 3067 981 3104 curn
993 3066 1073 3104 uersu
1093 3054 1118 3104 et
1135 3046 1259 3104 oratione
1272 3046 1306 3104 de

160 3143 303 3203 Trinitate
316 3143 358 3201 uel
375 3141 465 3201 Gruce
478 3143 520 3200 uel
532 3151 629 3200 sancta
643 3143 754 3200 Mario.

199 3318 280 3379 Tunc
293 3320 452 3399 incipiatur
465 3321 633 3394 communio,
648 3330 672 3380 et
685 3322 801 3380 dicatur
815 3320 926 3380 collecta
940 3320 1031 3379 muta
1045 3319 1084 3377 od
1096 3320 1299 3398 complendum.
