3022 4966
504 429 685 490 Ordinatio
703 428 937 490 Sacerdotem.

187 633 310 712 Expleta
325 643 418 692 autem
432 635 484 692 too
500 634 641 704 Oratione,
657 634 716 690 otto
730 654 791 690 voce
805 633 928 709 incipiat
942 628 1100 708 Hymnum.
1213 628 1215 632 ’

189 728 285 806 Veni,
302 729 441 794 Creator
458 730 610 814 Spiritus,

232 832 366 896 Mentes
380 837 512 896 tuorum
529 831 637 905 visita,

234 935 338 1018 Imple
356 955 500 1019 superna
514 933 633 1018 gratia,

234 1036 309 1120 Quae
325 1041 362 1101 tu
378 1035 511 1109 creasti,
527 1043 671 1118 pectora.

190 1138 252 1222 Qui
268 1139 456 1203 Paraclitus
471 1137 601 1211 diceris,

233 1240 364 1304 Donum
380 1240 443 1304 Dei
459 1239 624 1313 altissimi,

232 1343 321 1407 Fons
336 1342 442 1418 vivus,
459 1342 556 1427 ignis,
572 1342 705 1416 caritas,

232 1444 278 1510 Et
293 1444 453 1530 spiritalis
469 1444 590 1507 unctio.

189 1547 241 1611 Tu
257 1547 459 1631 septiformis
474 1567 619 1619 munere,

233 1649 367 1714 Dextra
383 1649 445 1713 Dei
461 1654 498 1713 tu
513 1648 649 1732 digitus,
723 1712 729 1725 ,

235 1753 284 1815 Tu
300 1753 364 1815 rite
380 1750 543 1834 promisso
559 1750 670 1813 Patris

235 1853 392 1918 Sermone
407 1852 518 1916 ditans
532 1857 680 1935 guttura.

192 1955 343 2020 Accende
358 1954 470 2018 lumen
487 1953 649 2026 sensibus,

236 2057 376 2121 Infunde
392 2077 536 2121 amorem
554 2055 716 2128 cordibus,

237 2160 373 2223 Infirma
388 2158 493 2223 nostri
509 2158 656 2242 corporis

236 2262 372 2327 Virtute
388 2262 523 2325 firmans
539 2260 711 2344 perpetim.

192 2363 332 2429 Hostem
348 2363 492 2446 repellas
507 2362 649 2446 longius,

233 2467 417 2551 Pacemque
433 2465 535 2529 dones
551 2465 721 2547 protiuus3

232 2568 377 2633 Ductore
393 2568 440 2632 sic
456 2574 489 2632 te
505 2567 625 2651 praevio

234 2671 390 2735 Vitemus
406 2692 501 2735 omne
517 2670 661 2733 noxium.

191 2775 256 2840 Per
269 2779 304 2840 te
319 2775 462 2839 sciamus
476 2775 520 2837 da
535 2773 678 2846 Patrem,

236 2877 423 2940 Noseamus
438 2886 537 2958 atque
552 2872 673 2936 Filium
686 2896 693 2947 ;

237 2978 360 3063 Teque,
376 2979 550 3059 utriusque
567 2976 736 3060 Spiritum,

239 3079 419 3144 Credamus
435 3079 522 3143 omui
537 3084 696 3160 tempore.

196 3184 247 3248 Sit
261 3184 336 3249 laus
353 3184 445 3248 Patri
462 3204 533 3246 oum
550 3180 646 3256 Filio,

237 3287 358 3351 Sancto
375 3285 474 3350 simul
490 3283 676 3360 Paraclito;

237 3389 408 3473 Nobisque
424 3388 537 3451 mittat
551 3386 657 3449 Filius

237 3490 411 3555 Charisma
426 3489 537 3553 Sancti
554 3488 706 3573 Spiritus.
752 3491 867 3554 Amen.

200 3591 322 3670 Ecplcto
348 3590 476 3669 Hymno,
505 3591 632 3647 omnino
658 3592 841 3667 sumentibus,
868 3591 1010 3670 episcopus
1036 3592 1135 3651 stando
1162 3593 1303 3652 benedicat

149 3709 251 3747 martas
264 3686 489 3746 ordinandorum
501 3705 656 3761 expansas:

194 3780 387 3860 Benetlsdio
417 3779 567 3853 Domine,
598 3784 633 3843 et
662 3780 830 3844 sanctifica
859 3782 920 3845 has
949 3803 1067 3846 manus
1098 3784 1303 3848 sacerdotum

150 3891 284 3949 tuorum
300 3883 342 3947 ad
357 3883 597 3947 consecrandas
617 3882 756 3958 hostias,
772 3903 842 3966 quae
858 3904 917 3967 pro
933 3883 1063 3948 delictis
1085 3891 1185 3968 atque
1201 3888 1305 3971 negli-

150 3987 274 4072 gentiis
297 3985 410 4071 populi
433 3987 628 4059 offeruntur,
648 3989 684 4049 et
709 3984 751 4048 ad
777 3991 895 4050 caetera
917 3987 1139 4052 benedicenda
1165 4010 1236 4072 quae
1262 3988 1304 4052 ad

150 4110 231 4153 usus
247 4088 320 4171 ejus
331 4087 520 4152 necessaria
533 4091 630 4149 sunt:
655 4093 690 4150 et
704 4093 835 4169 praesta,
848 4108 1042 4170 quaesumus,
1056 4095 1093 4153 ut
1105 4111 1303 4173 quacunque

151 4192 389 4267 benedixerint,
418 4190 667 4266 benedicantur,
697 4197 731 4254 et
760 4212 959 4274 quacunque
990 4193 1203 4270 sacraverint,
1236 4214 1305 4257 snc-

146 4300 272 4370 rentur,
290 4293 446 4358 Salvator
462 4293 586 4355 mundi.
633 4292 693 4376 Qui
712 4292 796 4355 vivis
813 4298 846 4357 et
862 4314 993 4377 regnas.
