3022 4966
498 404 550 468 De
570 404 804 470 celebratione
818 406 1012 489 Pontificio.
1317 408 1337 471 5

221 571 405 656 Sequatur.
450 575 554 661 Kyric
570 575 706 641 eleison.
745 575 877 642 Christe
892 577 1028 642 eleison.
1066 577 1171 664 Kyrie
1187 577 1324 643 eleison.

221 674 322 739 Pater
337 684 460 741 noster.
507 679 550 743 Et
564 700 606 743 ne
622 701 692 743 nos.

219 777 456 845 Benedicumns
471 781 603 845 Putrem
621 786 656 846 et
671 781 793 845 Filium
808 802 882 846 cum
897 781 1019 847 Sancto
1035 782 1172 867 Spiritu.

263 879 451 944 Laudemus
467 888 502 946 et
516 883 802 968 superexaltemus
816 904 891 947 enm
908 885 942 949 in
957 884 1084 949 seculo.

222 981 420 1047 Benedictus
435 1005 472 1048 es
486 985 520 1048 in
536 986 744 1052 firmamento
759 985 852 1062 coeli;

264 1083 455 1150 Laudabilis
471 1094 506 1151 ct
519 1087 697 1174 gloriosus.

222 1184 398 1251 Benedicat
411 1195 446 1254 et
460 1190 635 1255 custodiat.

222 1286 298 1350 Non
314 1287 427 1353 intres.

222 1387 359 1454 Domine
379 1391 467 1455 Dens
481 1393 653 1458 virtutum.

220 1489 361 1556 Domine
377 1494 505 1558 exaudi.

219 1592 380 1659 Dominus
397 1597 574 1661 vobiscum.

221 1698 369 1762 Oremus.

221 1805 350 1869 Oratio.
396 1801 497 1876 Dens,
513 1800 569 1885 qui
593 1800 700 1866 tribus
714 1801 826 1886 pueris
841 1803 1003 1884 mitigasti
1018 1802 1168 1869 flammeo
1190 1798 1327 1889 ignium,

177 1906 315 1971 concede
331 1909 369 1968 ut
383 1924 444 1967 nos
458 1902 602 1967 famulos
616 1909 693 1967 tuos
708 1925 773 1968 non
790 1911 910 1969 exurat
925 1905 1058 1970 damma
1073 1904 1239 1969 vitiorum.

221 2010 289 2074 Ure
318 2007 395 2092 igne
427 2006 538 2069 Sancti
570 2005 713 2090 Spiritus
738 2028 835 2071 rencs
862 2016 994 2072 nostros
1023 2014 1059 2073 et
1083 2028 1141 2072 cor
1165 2018 1327 2085 ueratrum,

176 2112 326 2186 Domine,
357 2114 395 2172 ut
422 2108 483 2171 tibi
513 2116 606 2172 custo
636 2129 772 2194 corporo
802 2110 986 2174 serviemus
1015 2118 1051 2175 et
1080 2110 1201 2174 muodo
1230 2110 1328 2175 corde

179 2215 377 2299 placeamus.

220 2317 377 2381 Actiones
398 2320 539 2388 nostrus,
554 2333 751 2396 quesumus,
767 2312 916 2391 Domine,
931 2314 1108 2401 aspirando
1130 2314 1272 2400 pre-veui
1295 2321 1330 2377 ct

178 2418 363 2504 adjuvando
378 2435 588 2500 prosequere,
605 2422 641 2478 ut
663 2423 782 2480 cuncta
803 2423 919 2480 nostru
940 2417 1090 2502 operatio
1104 2439 1126 2481 u
1141 2424 1175 2481 tc
1199 2435 1330 2500 usurpet·

177 2522 314 2608 incipiat
328 2525 363 2584 et
384 2539 443 2602 per
457 2526 490 2582 te
513 2525 620 2601 coepts
641 2518 785 2583 finiatur.
828 2528 861 2583 et
874 2519 1032 2602 finiatur,
1075 2519 1140 2584 Per
1160 2518 1327 2584 Christum

179 2625 354 2689 Dominum
371 2630 530 2686 nostrum.
576 2622 691 2684 Amen.
