3022 4966
340 416 402 480 354
557 414 813 476 Benedictiones
829 413 865 472 in
885 409 1105 488 Quotidianie
1121 409 1266 473 Medus.

423 809 788 876 BENEDIOTIONES
812 808 863 873 IN
888 807 1185 892 QUOTIDIANIS
1211 807 1416 879 DIEBUS.

379 1037 561 1101 Benedicat
576 1037 670 1101 vobis
686 1035 859 1110 Dominus,
878 1039 912 1098 et
928 1033 1098 1098 custodiat
1113 1055 1183 1097 vos.
1232 1038 1371 1105 Amen.

378 1139 552 1204 Illuminet
577 1140 696 1204 faciem
728 1159 822 1203 suam
851 1158 1048 1222 supervos,
1075 1144 1110 1202 et
1140 1138 1371 1210 misereatur.
1395 1147 1509 1212 vest'

337 1246 454 1308 Amen.

381 1351 564 1413 Convertat
594 1346 723 1410 vultum
752 1367 848 1408 suum
874 1345 916 1409 ad
948 1366 1019 1422 vos,
1046 1352 1080 1409 et
1109 1345 1211 1410 donet
1242 1350 1353 1416 vobis
1384 1377 1505 1440 pace

339 1456 455 1518 Amen.

379 1557 559 1641 Quodipse
575 1555 634 1618 &c
679 1555 797 1617 Amen.
905 1538 910 1555 ¹

381 1661 573 1727 Benedictio
589 1659 650 1722 Dei
667 1660 727 1724 &c
773 1662 889 1722 Amen.

381 1836 456 1895 Item
471 1835 543 1891 ulia.

382 1931 600 2015 Omnipotens
624 1927 716 1991 Deus
732 1949 794 1991 sua
815 1947 875 1990 vos
898 1925 1077 1992 clementia
1098 1928 1289 2008 benedicat,
1310 1942 1353 2002 et
1377 1960 1507 2011 sensu

338 2039 372 2102 in
389 2033 484 2099 v'obis
501 2032 673 2117 sapientiae
690 2030 851 2095 salutaris
866 2031 1033 2096 infundat.
1078 2033 1195 2095 Amen.

394 2136 574 2204 Catholicae
604 2135 682 2197 fidei
712 2156 772 2198 vos
802 2134 1011 2199 documentis
1041 2135 1201 2211 enutriat,
1233 2145 1271 2204 et
1306 2142 1348 2208 in
1386 2156 1506 2220 sancti

339 2242 495 2327 operibus
513 2236 778 2322 perseverabiles
793 2237 923 2302 reddat.
969 2243 1086 2301 Amen.

381 2346 524 2411 Gressus
540 2347 673 2404 vestros
689 2342 731 2405 ab
747 2363 860 2405 errore
876 2347 1062 2418 convertat,
1079 2346 1115 2405 et
1129 2341 1218 2406 viam
1237 2347 1347 2415 vobis
1366 2361 1474 2439 paci„
1491 2386 1509 2428 e

339 2448 492 2517 caritatis
509 2444 677 2510 ostendat.
723 2448 838 2510 Amen.

385 2552 477 2637 Quod
493 2551 576 2636 ipse.
623 2550 740 2612 Amen.

384 2655 586 2722 Benedictio.
634 2655 752 2716 Amen.

382 2830 456 2887 Item
470 2826 541 2883 alic.

384 2924 526 2989 lnelinet
538 2920 701 2984 Dominus
714 2939 828 2981 aurem
846 2938 939 2981 snam
953 2919 993 2981 nd
1010 2939 1127 3001 preces
1139 2924 1264 2982 nostra
1281 2923 1509 3004 humilitati

338 3037 373 3095 et
382 3029 440 3092 det
451 3027 545 3091 vobis
554 3023 701 3108 gratiam
715 3042 781 3083 suae
793 3021 1044 3096 benedictionis,
1055 3031 1089 3085 ct
1098 3021 1271 3105 praemium
1284 3038 1507 3120 sempitern

343 3133 473 3199 salutis.
519 3131 635 3192 Amen.

385 3234 522 3314 Semper
538 3235 572 3291 et
593 3228 714 3310 ubique
731 3224 908 3289 Dominum
931 3227 1110 3309 propitium
1135 3226 1304 3304 babeatis,
1321 3240 1363 3299 et
1386 3240 1426 3305 in
1445 3249 1506 3330 eju

341 3338 495 3401 laudibus
512 3331 699 3395 exsultetis.
747 3332 861 3393 Amen.

386 3439 539 3503 Omnium
554 3432 1108 3520 peccatorumvestrorumvincula
1120 3432 1238 3508 solvat,
1250 3441 1347 3504 etad
1363 3445 1479 3529 glori
1499 3485 1511 3512 ,Ἰ

343 3543 581 3627 sempiternam
598 3538 773 3622 pervenire
790 3559 849 3600 vos
868 3537 977 3600 iaciat.
1023 3539 1140 3600 Amen.

387 3643 578 3729 Quodipse.
624 3645 740 3704 Amen.

388 3747 591 3814 Benedictio.
638 3748 753 3809 Amen.

385 3923 460 3980 Item
474 3919 545 3976 ulia.

388 4013 597 4097 Multiplices
613 4013 646 4072 in
663 4011 758 4074 vobis
774 4010 939 4074 Dominus
963 4011 1091 4095 copiam
1109 4031 1174 4075 suae
1191 4010 1468 4107 benedictionis,
1489 4055 1508 4096 e

343 4125 517 4189 confirmet
532 4139 592 4181 vos
608 4118 642 4177 in
659 4137 718 4199 spe
735 4116 831 4200 regni
848 4115 1003 4179 coelestis.
1050 4118 1167 4179 Amen.

390 4230 494 4289 Actus
517 4228 650 4284 vestros
674 4220 833 4303 corrigat,
856 4219 960 4283 vitam
986 4221 1150 4295 emendet,
1173 4240 1284 4285 mores
1311 4245 1511 4318 compona.

345 4340 379 4394 ot
398 4350 455 4392 vos
472 4326 513 4390 ad
530 4323 674 4388 ooelestis
691 4323 838 4408 paradisi
855 4323 1077 4388 hereditatem
1095 4324 1266 4409 perducat.
1314 4332 1450 4406 Amen,
