3022 4966
532 420 794 484 Benedictioncs
811 419 974 482 Diversa.

437 760 604 826 ORATIO
627 763 713 827 PRO
735 761 1071 828 REGNANTIBUS.

221 943 441 1030 Omnipotens
465 955 501 1014 et
515 951 707 1017 misericors
723 953 828 1030 Deus,
844 954 941 1037 cujus
961 971 1101 1037 regnum
1117 966 1258 1033 regnum
1282 948 1336 1009 est

178 1047 325 1112 omnium
342 1051 551 1131 seculorum,
567 1055 832 1140 supplicationes
848 1062 985 1122 nostras
1004 1053 1188 1119 clementer
1203 1048 1334 1124 exaudi,

179 1156 213 1214 et
228 1150 456 1219 Romanorum
471 1178 590 1243 regum
606 1159 670 1224 tibi
686 1161 856 1225 subditum
873 1166 1015 1247 protege
1031 1156 1276 1243 principatumr
1299 1158 1338 1215 ul

176 1251 211 1315 in
227 1258 287 1318 tua
303 1256 430 1321 virtute
452 1259 605 1337 fidentes,
622 1266 659 1325 et
673 1262 735 1326 tibi
752 1262 909 1348 placeant
923 1267 959 1327 et
981 1280 1082 1345 super
1101 1258 1214 1322 omnia
1228 1276 1335 1341 regna

178 1356 383 1438 priscellant.
429 1361 507 1425 Per.

221 1459 307 1517 Alia.
472 1455 474 1459 ¹

223 1556 444 1644 Omnipotens
466 1563 670 1648 sempiterne
693 1563 797 1641 Deus,
818 1565 875 1650 qui
898 1565 1014 1650 regnis
1036 1563 1191 1629 omnibus
1213 1564 1336 1625 aterno

180 1659 366 1727 dominaris
397 1665 560 1749 imperio;
595 1668 721 1733 inclina
750 1669 793 1733 ad
827 1689 945 1753 preces
979 1665 1182 1732 humilitatis
1211 1669 1336 1728 nostra

182 1783 283 1829 aures
306 1767 544 1835 misericordie
560 1778 637 1847 tuce,
653 1777 689 1836 et
709 1771 853 1836 Romani
868 1773 966 1857 regni
982 1770 1101 1836 adesto
1123 1766 1339 1853 principibus,

182 1876 221 2034 bt
244 1871 493 1955 tranquillitate
517 1894 687 1949 concessa,
704 1882 765 1939 tua
785 1876 855 1939 sint
878 1894 1010 1959 semper
1035 1872 1159 1935 virtute
1183 1870 1338 1934 victores.

211 1992 258 2036 er.

225 2075 306 2134 Alia.

222 2169 326 2247 Deus,
342 2172 379 2235 in
396 2179 430 2237 te
448 2173 656 2257 sperantium
681 2174 775 2239 salus
791 2179 827 2238 et
841 2174 904 2240 tibi
929 2173 1148 2238 servientium
1165 2168 1341 2243 fortitudo,

184 2276 316 2360 suscipe
329 2278 495 2363 propitius
511 2300 628 2363 preces
650 2285 798 2355 nostras,
814 2286 849 2345 et
863 2278 1004 2343 Romani
1029 2276 1160 2361 imperii
1177 2272 1341 2340 auxiliare

90 2444 94 2452 ,
180 2377 407 2462 principibus;
431 2386 470 2445 ut
480 2388 541 2444 tua
556 2381 765 2465 protectione
782 2380 915 2456 muniti,
932 2380 1087 2444 omnibus
1103 2378 1171 2442 sint
1186 2376 1340 2440 hostibus

185 2479 355 2545 fortiores.
403 2482 477 2546 Per.

434 2666 600 2731 ORATIO
624 2667 768 2736 SUPER
792 2666 1086 2732 MILITANTES.

232 2856 334 2932 Deus,
351 2857 591 2941 perpetuitatis
613 2861 742 2934 auctor,
757 2856 825 2920 dux
848 2857 1013 2921 virtutum
1035 2855 1193 2929 omnium,
1209 2858 1344 2916 cuncto·

188 2980 329 3043 rumque
354 2959 503 3023 hostium
530 2959 648 3034 victor,
673 2959 810 3023 benedic
836 2960 899 3023 hos
923 2957 1068 3023 famulos
1092 2963 1171 3020 tuos
1195 2955 1257 3020 tibi
1283 2976 1344 3020 sua

188 3064 301 3148 capita
321 3061 543 3137 inclinantce;
567 3061 701 3125 effunde
726 3082 827 3147 super
849 3082 907 3126 eos
926 3061 1071 3146 gratiam
1095 3058 1236 3133 firmam,
1252 3063 1288 3121 et
1309 3057 1344 3120 in

190 3166 312 3230 militia
328 3167 363 3228 in
379 3187 446 3249 qua
460 3165 593 3249 probati
606 3165 808 3242 consistunt,
820 3163 954 3250 prolixa
970 3163 1116 3227 sanitate
1129 3167 1164 3224 et
1178 3161 1345 3244 prosperi·

190 3277 261 3336 tate
275 3290 332 3334 eos
342 3287 516 3343 conserva,
528 3273 564 3332 et
575 3267 764 3352 ubicunque
777 3267 831 3331 vel
845 3287 905 3352 pro
919 3267 1170 3351 quibuscunque
1183 3262 1345 3326 auxilium
1381 3256 1384 3261 ’

189 3385 284 3439 tuum
300 3371 541 3446 invocaverint,
559 3371 626 3434 cito
642 3371 744 3447 adsis,
761 3377 931 3457 protegas,
948 3375 985 3434 et
999 3368 1173 3433 defendas.
1218 3365 1292 3429 Per.
