3022 4966
499 422 551 487 Dc
570 421 756 487 Ordinibus
775 421 1005 507 Conscrcndis.

480 833 730 901 ORDINATIO
752 832 1028 900 EXOROISTAE.

217 1041 381 1113 Eoorcisto,
394 1061 458 1100 cum
471 1040 635 1111 ordinatur,
653 1039 779 1118 accipiat
792 1040 827 1098 de
840 1060 929 1098 manu
943 1039 1068 1119 episcopi
1082 1038 1217 1110 libellum,
1233 1039 1267 1096 in
1280 1057 1334 1116 quo

177 1135 280 1213 scripti
292 1144 357 1194 suist
371 1136 528 1207 exorcismi,
545 1135 651 1194 dicente
664 1135 721 1193 sibi
734 1155 880 1214 episcopo:

216 1232 348 1318 Accipe,
365 1239 400 1298 ct
415 1231 611 1297 commenda
627 1232 805 1307 memorias,
822 1236 857 1296 ct
879 1232 965 1296 habe
990 1234 1192 1317 potestatem
1208 1230 1335 1317 impon-

179 1335 255 1399 endi
290 1357 425 1399 manum
465 1355 567 1418 super
603 1334 870 1419 energuminum,
905 1335 976 1400 sive
1014 1334 1233 1419 baptizatum,
1266 1334 1338 1399 sive

179 1439 461 1503 catechumenum.

599 1539 739 1613 Proesotio
752 1541 904 1599 exorcictoe.

219 1637 327 1701 Deum
342 1638 478 1702 Patrem
494 1635 758 1720 omnipotentem
775 1635 942 1722 supplices
959 1637 1185 1722 deprecamur,
1197 1641 1236 1700 ut
1250 1636 1338 1702 hunc

180 1739 341 1804 famulum
358 1760 453 1802 suum
476 1739 530 1803 ill.
547 1739 744 1804 benedicere
766 1738 924 1824 dignetur
947 1740 982 1802 in
998 1738 1140 1803 officium
1155 1738 1339 1816 exorcistis,

177 1848 216 1906 ut
232 1841 277 1906 sit
293 1840 457 1926 spiritalis
473 1841 658 1925 imperator
674 1840 717 1905 sd
733 1841 939 1925 abjiciendos
955 1842 1120 1906 dumones
1134 1841 1176 1905 de
1191 1841 1337 1926 corpori-

180 1945 244 2008 bus
259 1943 418 2020 obsessis,
435 1963 512 2007 cum
528 1942 619 2006 omni
633 1942 785 2027 nequitia
799 1963 913 2008 corum
929 1943 1138 2009 multiformi.
1183 1943 1257 2007 Per.

598 2044 770 2104 Benedictio
783 2046 915 2122 ejusdcm.

224 2141 378 2218 Domine,
394 2147 509 2206 sancte
525 2141 637 2217 Pater,
653 2142 862 2227 omnipotens
882 2152 1005 2208 aeterne
1027 2140 1130 2219 Dens,
1146 2141 1340 2208 benedicere

176 2244 327 2330 digneris
349 2245 438 2308 hunc
461 2243 621 2308 famulum
645 2249 739 2308 tuum
762 2244 814 2308 ill.
831 2246 864 2308 in
888 2245 995 2310 officio
1017 2244 1204 2321 exorcistae,
1219 2252 1257 2309 ut
1279 2267 1340 2331 per

180 2347 405 2431 impositionis
427 2367 584 2411 manuum
611 2351 647 2409 et
670 2347 739 2411 oris
762 2348 903 2413 officium
931 2368 1006 2412 eum
1032 2347 1158 2433 eligere
1180 2348 1339 2430 digneris,

181 2455 217 2514 ct
242 2449 417 2533 imperium
446 2449 571 2512 habeat
602 2449 779 2532 spirituum
811 2450 1056 2514 immundorum
1087 2450 1278 2527 coercendo,
1305 2457 1341 2516 ct

181 2550 363 2635 probabilis
394 2550 440 2614 sit
465 2549 614 2613 medicus
640 2549 808 2628 Ecclesiae,
835 2552 947 2638 gretie
973 2553 1182 2616 curationum
1211 2551 1338 2618 virtute

182 2655 408 2719 confirmatus.
454 2652 519 2716 Per
533 2651 683 2720 eundem.
