<?xml version="1.0" encoding="UTF-8"?>
<!DOCTYPE html PUBLIC "-//W3C//DTD XHTML 1.0 Transitional//EN"
    "http://www.w3.org/TR/xhtml1/DTD/xhtml1-transitional.dtd">
<html xmlns="http://www.w3.org/1999/xhtml" xml:lang="en" lang="en">
 <head>
  <title>
</title>
<meta http-equiv="Content-Type" content="text/html;charset=utf-8" />
  <meta name='ocr-system' content='tesseract 3.04.00' />
  <meta name='ocr-capabilities' content='ocr_page ocr_carea ocr_par ocr_line ocrx_word'/>
</head>
<body>
  <div class='ocr_page' id='page_1' title='image "./liberpontifical00baingoog_0409.png"; bbox 0 0 3022 4966; ppageno 0'>
   <div class='ocr_carea' id='block_1_1' title="bbox 344 394 1278 474">
    <p class='ocr_par' dir='ltr' id='par_1_1' title="bbox 344 394 1278 474">
     <span class='ocr_line' id='line_1_1' title="bbox 344 394 1278 474; baseline 0.011 -18"><span class='ocrx_word' id='word_1_1' title='bbox 344 394 408 458; x_wconf 83' lang='lat'>356</span> <span class='ocrx_word' id='word_1_2' title='bbox 560 394 820 459; x_wconf 80' lang='lat' dir='ltr'>Benediettonee</span> <span class='ocrx_word' id='word_1_3' title='bbox 835 398 873 459; x_wconf 84' lang='lat' dir='ltr'>in</span> <span class='ocrx_word' id='word_1_4' title='bbox 891 395 1111 474; x_wconf 78' lang='lat' dir='ltr'>Quotidicnis</span> <span class='ocrx_word' id='word_1_5' title='bbox 1126 398 1278 466; x_wconf 73' lang='lat' dir='ltr'>Diebus.</span> 
     </span>
    </p>
   </div>
   <div class='ocr_carea' id='block_1_2' title="bbox 347 601 1510 999">
    <p class='ocr_par' dir='ltr' id='par_1_2' title="bbox 347 601 1510 792">
     <span class='ocr_line' id='line_1_2' title="bbox 390 601 1510 690; baseline 0.014 -23"><span class='ocrx_word' id='word_1_6' title='bbox 390 602 624 687; x_wconf 73' lang='lat' dir='ltr'>concedatque</span> <span class='ocrx_word' id='word_1_7' title='bbox 641 602 788 667; x_wconf 90' lang='lat' dir='ltr'>vobisut</span> <span class='ocrx_word' id='word_1_8' title='bbox 810 602 866 687; x_wconf 93' lang='lat' dir='ltr'>qui</span> <span class='ocrx_word' id='word_1_9' title='bbox 890 603 924 665; x_wconf 89' lang='lat' dir='ltr'>iu</span> <span class='ocrx_word' id='word_1_10' title='bbox 945 601 1017 667; x_wconf 81' lang='lat' dir='ltr'>sola</span> <span class='ocrx_word' id='word_1_11' title='bbox 1033 623 1090 687; x_wconf 88' lang='lat' dir='ltr'>spe</span> <span class='ocrx_word' id='word_1_12' title='bbox 1113 607 1237 690; x_wconf 79' lang='lat' dir='ltr'>gratiae</span> <span class='ocrx_word' id='word_1_13' title='bbox 1254 610 1431 681; x_wconf 78' lang='lat' dir='ltr'>coelestis</span> <span class='ocrx_word' id='word_1_14' title='bbox 1449 620 1510 682; x_wconf 88' lang='lat' dir='ltr'>iun</span> 
     </span>
     <span class='ocr_line' id='line_1_3' title="bbox 347 706 1369 792; baseline 0.006 -21"><span class='ocrx_word' id='word_1_15' title='bbox 347 706 467 784; x_wconf 82' lang='lat' dir='ltr'>timini,</span> <span class='ocrx_word' id='word_1_16' title='bbox 484 706 610 771; x_wconf 84' lang='lat' dir='ltr'>coelesti</span> <span class='ocrx_word' id='word_1_17' title='bbox 628 707 728 771; x_wconf 87' lang='lat' dir='ltr'>etiam</span> <span class='ocrx_word' id='word_1_18' title='bbox 745 707 952 792; x_wconf 90' lang='lat' dir='ltr'>protectione</span> <span class='ocrx_word' id='word_1_19' title='bbox 969 707 1178 772; x_wconf 78' lang='lat' dir='ltr'><strong>muniamini.</strong></span> <span class='ocrx_word' id='word_1_20' title='bbox 1229 714 1369 782; x_wconf 80' lang='lat' dir='ltr'>Amen.</span> 
     </span>
    </p>

    <p class='ocr_par' dir='ltr' id='par_1_3' title="bbox 352 810 1501 999">
     <span class='ocr_line' id='line_1_4' title="bbox 394 810 1501 912; baseline 0.014 -38"><span class='ocrx_word' id='word_1_21' title='bbox 394 812 565 895; x_wconf 79' lang='lat' dir='ltr'>Quatenus</span> <span class='ocrx_word' id='word_1_22' title='bbox 576 817 611 875; x_wconf 92' lang='lat' dir='ltr'>et</span> <span class='ocrx_word' id='word_1_23' title='bbox 620 811 654 874; x_wconf 94' lang='lat' dir='ltr'>iu</span> <span class='ocrx_word' id='word_1_24' title='bbox 664 812 820 894; x_wconf 77' lang='lat' dir='ltr'>prasenti</span> <span class='ocrx_word' id='word_1_25' title='bbox 833 810 952 875; x_wconf 82' lang='lat' dir='ltr'>saeculo</span> <span class='ocrx_word' id='word_1_26' title='bbox 964 812 1117 876; x_wconf 86' lang='lat' dir='ltr'>mortalis</span> <span class='ocrx_word' id='word_1_27' title='bbox 1128 813 1206 878; x_wconf 77' lang='lat' dir='ltr'>vita</span> <span class='ocrx_word' id='word_1_28' title='bbox 1218 816 1364 887; x_wconf 86' lang='lat' dir='ltr'>solatia</span> <span class='ocrx_word' id='word_1_29' title='bbox 1374 827 1501 912; x_wconf 89' lang='lat' dir='ltr'>capiat</span> 
     </span>
     <span class='ocr_line' id='line_1_5' title="bbox 352 915 1402 999; baseline 0.013 -22"><span class='ocrx_word' id='word_1_30' title='bbox 352 920 387 979; x_wconf 90' lang='lat' dir='ltr'>et</span> <span class='ocrx_word' id='word_1_31' title='bbox 402 916 607 998; x_wconf 88' lang='lat' dir='ltr'>sempiterna</span> <span class='ocrx_word' id='word_1_32' title='bbox 621 915 745 999; x_wconf 87' lang='lat' dir='ltr'>gaudia</span> <span class='ocrx_word' id='word_1_33' title='bbox 761 915 1039 999; x_wconf 80' lang='lat' dir='ltr'>comprehendere</span> <span class='ocrx_word' id='word_1_34' title='bbox 1058 917 1211 983; x_wconf 88' lang='lat' dir='ltr'>valeatis.</span> <span class='ocrx_word' id='word_1_35' title='bbox 1262 925 1402 992; x_wconf 86' lang='lat' dir='ltr'>Amen.</span> 
     </span>
    </p>
   </div>
   <div class='ocr_carea' id='block_1_3' title="bbox 394 1019 761 1189">
    <p class='ocr_par' dir='ltr' id='par_1_4' title="bbox 394 1019 761 1189">
     <span class='ocr_line' id='line_1_6' title="bbox 394 1019 748 1104; baseline -0.003 -22"><span class='ocrx_word' id='word_1_36' title='bbox 394 1019 487 1103; x_wconf 75' lang='lat' dir='ltr'>Quod</span> <span class='ocrx_word' id='word_1_37' title='bbox 505 1021 587 1104; x_wconf 91' lang='lat' dir='ltr'>ipse.</span> <span class='ocrx_word' id='word_1_38' title='bbox 632 1022 748 1084; x_wconf 85' lang='lat' dir='ltr'>Amen.</span> 
     </span>
     <span class='ocr_line' id='line_1_7' title="bbox 396 1124 761 1189; baseline -0.008 0"><span class='ocrx_word' id='word_1_39' title='bbox 396 1124 599 1189; x_wconf 76' lang='lat' dir='ltr'>Benedictio.</span> <span class='ocrx_word' id='word_1_40' title='bbox 646 1126 761 1188; x_wconf 85' lang='lat' dir='ltr'>Amen.</span> 
     </span>
    </p>
   </div>
   <div class='ocr_carea' id='block_1_4' title="bbox 352 1348 1510 2241">
    <p class='ocr_par' dir='ltr' id='par_1_5' title="bbox 392 1348 551 1406">
     <span class='ocr_line' id='line_1_8' title="bbox 392 1348 551 1406; baseline -0.013 0"><span class='ocrx_word' id='word_1_41' title='bbox 392 1348 551 1406; x_wconf 83' lang='lat' dir='ltr'>ltemolia.</span> 
     </span>
    </p>

    <p class='ocr_par' dir='ltr' id='par_1_6' title="bbox 353 1442 1510 1633">
     <span class='ocr_line' id='line_1_9' title="bbox 398 1442 1510 1530; baseline 0.01 -19"><span class='ocrx_word' id='word_1_42' title='bbox 398 1446 618 1530; x_wconf 79' lang='lat' dir='ltr'>Omnipotens</span> <span class='ocrx_word' id='word_1_43' title='bbox 634 1442 725 1508; x_wconf 87' lang='lat' dir='ltr'>Deus</span> <span class='ocrx_word' id='word_1_44' title='bbox 742 1443 886 1506; x_wconf 77' lang='lat' dir='ltr'>dextera</span> <span class='ocrx_word' id='word_1_45' title='bbox 910 1463 976 1507; x_wconf 80' lang='lat' dir='ltr'>suae</span> <span class='ocrx_word' id='word_1_46' title='bbox 991 1447 1151 1527; x_wconf 88' lang='lat' dir='ltr'>perpetuo</span> <span class='ocrx_word' id='word_1_47' title='bbox 1167 1443 1378 1519; x_wconf 77' lang='lat' dir='ltr'>circumdet</span> <span class='ocrx_word' id='word_1_48' title='bbox 1394 1458 1510 1521; x_wconf 83' lang='lat' dir='ltr'>anxil&#39;</span> 
     </span>
     <span class='ocr_line' id='line_1_10' title="bbox 353 1548 1254 1633; baseline 0 -17"><span class='ocrx_word' id='word_1_49' title='bbox 353 1559 387 1617; x_wconf 92' lang='lat' dir='ltr'>et</span> <span class='ocrx_word' id='word_1_50' title='bbox 401 1551 669 1616; x_wconf 86' lang='lat' dir='ltr'>benedictionum</span> <span class='ocrx_word' id='word_1_51' title='bbox 687 1569 823 1612; x_wconf 81' lang='lat' dir='ltr'>suarum</span> <span class='ocrx_word' id='word_1_52' title='bbox 841 1548 971 1633; x_wconf 86' lang='lat' dir='ltr'>repleat</span> <span class='ocrx_word' id='word_1_53' title='bbox 988 1548 1086 1613; x_wconf 92' lang='lat' dir='ltr'>dono.</span> <span class='ocrx_word' id='word_1_54' title='bbox 1130 1557 1254 1616; x_wconf 86' lang='lat' dir='ltr'>Amen.</span> 
     </span>
    </p>

    <p class='ocr_par' dir='ltr' id='par_1_7' title="bbox 353 1652 1505 1824">
     <span class='ocr_line' id='line_1_11' title="bbox 396 1652 1505 1738; baseline 0.002 -18"><span class='ocrx_word' id='word_1_55' title='bbox 396 1657 449 1720; x_wconf 88' lang='lat' dir='ltr'>Ab</span> <span class='ocrx_word' id='word_1_56' title='bbox 465 1655 553 1718; x_wconf 92' lang='lat' dir='ltr'>omni</span> <span class='ocrx_word' id='word_1_57' title='bbox 570 1675 630 1717; x_wconf 90' lang='lat' dir='ltr'>vos</span> <span class='ocrx_word' id='word_1_58' title='bbox 646 1654 813 1738; x_wconf 77' lang='lat' dir='ltr'>pravitate</span> <span class='ocrx_word' id='word_1_59' title='bbox 830 1652 998 1728; x_wconf 88' lang='lat' dir='ltr'>defendat,</span> <span class='ocrx_word' id='word_1_60' title='bbox 1015 1660 1049 1714; x_wconf 90' lang='lat' dir='ltr'>et</span> <span class='ocrx_word' id='word_1_61' title='bbox 1064 1652 1160 1716; x_wconf 90' lang='lat' dir='ltr'>donis</span> <span class='ocrx_word' id='word_1_62' title='bbox 1176 1653 1395 1727; x_wconf 72' lang='lat' dir='ltr'>celestinus</span> <span class='ocrx_word' id='word_1_63' title='bbox 1414 1686 1505 1730; x_wconf 84' lang='lat' dir='ltr'>exn</span> 
     </span>
     <span class='ocr_line' id='line_1_12' title="bbox 353 1759 778 1824; baseline -0.012 0"><span class='ocrx_word' id='word_1_64' title='bbox 353 1759 616 1824; x_wconf 88' lang='lat' dir='ltr'>rareconcedat.</span> <span class='ocrx_word' id='word_1_65' title='bbox 661 1759 778 1821; x_wconf 88' lang='lat' dir='ltr'>Amen.</span> 
     </span>
    </p>

    <p class='ocr_par' dir='ltr' id='par_1_8' title="bbox 352 1859 1510 2052">
     <span class='ocr_line' id='line_1_13' title="bbox 397 1859 1510 1949; baseline 0.012 -21"><span class='ocrx_word' id='word_1_66' title='bbox 397 1866 467 1949; x_wconf 81' lang='lat' dir='ltr'>Quo</span> <span class='ocrx_word' id='word_1_67' title='bbox 484 1884 620 1949; x_wconf 91' lang='lat' dir='ltr'>corpore</span> <span class='ocrx_word' id='word_1_68' title='bbox 643 1860 793 1926; x_wconf 90' lang='lat' dir='ltr'>mundati</span> <span class='ocrx_word' id='word_1_69' title='bbox 811 1881 849 1926; x_wconf 91' lang='lat' dir='ltr'>ac</span> <span class='ocrx_word' id='word_1_70' title='bbox 871 1866 994 1937; x_wconf 90' lang='lat' dir='ltr'>mente,</span> <span class='ocrx_word' id='word_1_71' title='bbox 1010 1859 1112 1924; x_wconf 90' lang='lat' dir='ltr'>talem</span> <span class='ocrx_word' id='word_1_72' title='bbox 1134 1861 1164 1922; x_wconf 94' lang='lat' dir='ltr'>ei</span> <span class='ocrx_word' id='word_1_73' title='bbox 1188 1863 1407 1936; x_wconf 82' lang='lat' dir='ltr'>exhibeatis</span> <span class='ocrx_word' id='word_1_74' title='bbox 1435 1896 1510 1940; x_wconf 87' lang='lat' dir='ltr'>ser·</span> 
     </span>
     <span class='ocr_line' id='line_1_14' title="bbox 352 1963 1436 2052; baseline -0.001 -20"><span class='ocrx_word' id='word_1_75' title='bbox 352 1973 470 2044; x_wconf 85' lang='lat' dir='ltr'>tutem,</span> <span class='ocrx_word' id='word_1_76' title='bbox 488 1987 659 2052; x_wconf 90' lang='lat' dir='ltr'>perquem</span> <span class='ocrx_word' id='word_1_77' title='bbox 677 1987 771 2029; x_wconf 87' lang='lat' dir='ltr'>sunm</span> <span class='ocrx_word' id='word_1_78' title='bbox 788 1965 945 2050; x_wconf 79' lang='lat' dir='ltr'>consequi</span> <span class='ocrx_word' id='word_1_79' title='bbox 962 1963 1104 2029; x_wconf 90' lang='lat' dir='ltr'>valeatis</span> <span class='ocrx_word' id='word_1_80' title='bbox 1120 1965 1436 2049; x_wconf 76' lang='lat' dir='ltr'>propitiationem,</span> 
     </span>
    </p>

    <p class='ocr_par' dir='ltr' id='par_1_9' title="bbox 396 2073 751 2157">
     <span class='ocr_line' id='line_1_15' title="bbox 396 2073 751 2157; baseline -0.008 -21"><span class='ocrx_word' id='word_1_81' title='bbox 396 2073 587 2157; x_wconf 77' lang='lat' dir='ltr'>Quodipse.</span> <span class='ocrx_word' id='word_1_82' title='bbox 633 2073 751 2135; x_wconf 88' lang='lat' dir='ltr'>Amen.</span> 
     </span>
    </p>

    <p class='ocr_par' dir='ltr' id='par_1_10' title="bbox 396 2176 762 2241">
     <span class='ocr_line' id='line_1_16' title="bbox 396 2176 762 2241; baseline -0.014 0"><span class='ocrx_word' id='word_1_83' title='bbox 396 2176 600 2241; x_wconf 83' lang='lat' dir='ltr'>Benedictio.</span> <span class='ocrx_word' id='word_1_84' title='bbox 645 2176 762 2238; x_wconf 82' lang='lat' dir='ltr'>Amen.</span> 
     </span>
    </p>
   </div>
   <div class='ocr_carea' id='block_1_5' title="bbox 349 2392 1504 3285">
    <p class='ocr_par' dir='ltr' id='par_1_11' title="bbox 393 2392 665 2452">
     <span class='ocr_line' id='line_1_17' title="bbox 393 2392 665 2452; baseline -0.004 -1"><span class='ocrx_word' id='word_1_85' title='bbox 393 2394 470 2451; x_wconf 78' lang='lat' dir='ltr'>Alio</span> <span class='ocrx_word' id='word_1_86' title='bbox 487 2392 665 2452; x_wconf 81' lang='lat' dir='ltr'>Benedictio.</span> 
     </span>
    </p>

    <p class='ocr_par' dir='ltr' id='par_1_12' title="bbox 349 2488 1504 2666">
     <span class='ocr_line' id='line_1_18' title="bbox 409 2488 1504 2573; baseline -0.006 -17"><span class='ocrx_word' id='word_1_87' title='bbox 409 2492 566 2556; x_wconf 88' lang='lat' dir='ltr'>Purificet</span> <span class='ocrx_word' id='word_1_88' title='bbox 597 2489 806 2573; x_wconf 87' lang='lat' dir='ltr'>omnipotens</span> <span class='ocrx_word' id='word_1_89' title='bbox 837 2488 930 2553; x_wconf 90' lang='lat' dir='ltr'>Deus</span> <span class='ocrx_word' id='word_1_90' title='bbox 964 2494 1151 2552; x_wconf 89' lang='lat' dir='ltr'>vestrorum</span> <span class='ocrx_word' id='word_1_91' title='bbox 1185 2489 1355 2558; x_wconf 87' lang='lat' dir='ltr'>cordium</span> <span class='ocrx_word' id='word_1_92' title='bbox 1392 2521 1504 2568; x_wconf 65' lang='lat' dir='ltr'>amn</span> 
     </span>
     <span class='ocr_line' id='line_1_19' title="bbox 349 2592 1400 2666; baseline -0.003 -6"><span class='ocrx_word' id='word_1_93' title='bbox 349 2603 383 2660; x_wconf 89' lang='lat' dir='ltr'>ot</span> <span class='ocrx_word' id='word_1_94' title='bbox 398 2594 641 2660; x_wconf 83' lang='lat' dir='ltr'>benedictionis</span> <span class='ocrx_word' id='word_1_95' title='bbox 659 2615 725 2657; x_wconf 81' lang='lat' dir='ltr'>sua</span> <span class='ocrx_word' id='word_1_96' title='bbox 741 2593 836 2656; x_wconf 91' lang='lat' dir='ltr'>vobis</span> <span class='ocrx_word' id='word_1_97' title='bbox 851 2593 981 2657; x_wconf 89' lang='lat' dir='ltr'>tribuat</span> <span class='ocrx_word' id='word_1_98' title='bbox 996 2592 1212 2655; x_wconf 85' lang='lat' dir='ltr'>incrementa.</span> <span class='ocrx_word' id='word_1_99' title='bbox 1260 2596 1400 2666; x_wconf 77' lang='lat' dir='ltr'>Amen,</span> 
     </span>
    </p>

    <p class='ocr_par' dir='ltr' id='par_1_13' title="bbox 352 2692 1500 2890">
     <span class='ocr_line' id='line_1_20' title="bbox 392 2692 1500 2782; baseline -0.005 -17"><span class='ocrx_word' id='word_1_100' title='bbox 392 2703 444 2765; x_wconf 90' lang='lat' dir='ltr'>Ab</span> <span class='ocrx_word' id='word_1_101' title='bbox 461 2700 614 2763; x_wconf 91' lang='lat' dir='ltr'>omnibus</span> <span class='ocrx_word' id='word_1_102' title='bbox 631 2699 707 2761; x_wconf 83' lang='lat' dir='ltr'>vitec</span> <span class='ocrx_word' id='word_1_103' title='bbox 723 2699 899 2782; x_wconf 86' lang='lat' dir='ltr'>praesentis</span> <span class='ocrx_word' id='word_1_104' title='bbox 915 2696 1074 2780; x_wconf 88' lang='lat' dir='ltr'>periculis</span> <span class='ocrx_word' id='word_1_105' title='bbox 1091 2692 1272 2773; x_wconf 82' lang='lat' dir='ltr'>exuamini,</span> <span class='ocrx_word' id='word_1_106' title='bbox 1292 2700 1340 2766; x_wconf 87' lang='lat' dir='ltr'>et&#39;</span> <span class='ocrx_word' id='word_1_107' title='bbox 1354 2706 1500 2775; x_wconf 68' lang='lat' dir='ltr'>virtut„</span> 
     </span>
     <span class='ocr_line' id='line_1_21' title="bbox 352 2786 1151 2890; baseline -0.013 -20"><span class='ocrx_word' id='word_1_108' title='bbox 352 2804 553 2890; x_wconf 87' lang='lat' dir='ltr'>spiritalium</span> <span class='ocrx_word' id='word_1_109' title='bbox 571 2801 778 2864; x_wconf 89' lang='lat' dir='ltr'>ornamentis</span> <span class='ocrx_word' id='word_1_110' title='bbox 794 2800 989 2864; x_wconf 90' lang='lat' dir='ltr'>induamini.</span> <span class='ocrx_word' id='word_1_111' title='bbox 1035 2786 1151 2862; x_wconf 87' lang='lat' dir='ltr'>Anien.</span> 
     </span>
    </p>

    <p class='ocr_par' dir='ltr' id='par_1_14' title="bbox 350 2903 1480 3097">
     <span class='ocr_line' id='line_1_22' title="bbox 394 2903 1480 2993; baseline -0.001 -22"><span class='ocrx_word' id='word_1_112' title='bbox 394 2910 465 2993; x_wconf 82' lang='lat' dir='ltr'>Quo</span> <span class='ocrx_word' id='word_1_113' title='bbox 486 2907 578 2969; x_wconf 87' lang='lat' dir='ltr'>illius</span> <span class='ocrx_word' id='word_1_114' title='bbox 602 2905 770 2988; x_wconf 88' lang='lat' dir='ltr'>adjutorio</span> <span class='ocrx_word' id='word_1_115' title='bbox 792 2904 882 2980; x_wconf 83' lang='lat' dir='ltr'>fulti,</span> <span class='ocrx_word' id='word_1_116' title='bbox 906 2905 954 2967; x_wconf 90' lang='lat' dir='ltr'>sic</span> <span class='ocrx_word' id='word_1_117' title='bbox 979 2905 1008 2966; x_wconf 92' lang='lat' dir='ltr'>ei</span> <span class='ocrx_word' id='word_1_118' title='bbox 1035 2903 1192 2980; x_wconf 70' lang='lat' dir='ltr'>serviatis</span> <span class='ocrx_word' id='word_1_119' title='bbox 1212 2903 1248 2965; x_wconf 91' lang='lat' dir='ltr'>in</span> <span class='ocrx_word' id='word_1_120' title='bbox 1276 2913 1409 2990; x_wconf 79' lang='lat' dir='ltr'>terris,</span> <span class='ocrx_word' id='word_1_121' title='bbox 1437 2926 1480 2984; x_wconf 73' lang='lat' dir='ltr'>ut</span> 
     </span>
     <span class='ocr_line' id='line_1_23' title="bbox 350 3008 836 3097; baseline -0.019 -18"><span class='ocrx_word' id='word_1_122' title='bbox 350 3012 508 3097; x_wconf 87' lang='lat' dir='ltr'>conjungi</span> <span class='ocrx_word' id='word_1_123' title='bbox 524 3009 667 3073; x_wconf 85' lang='lat' dir='ltr'>valeatis</span> <span class='ocrx_word' id='word_1_124' title='bbox 683 3008 717 3070; x_wconf 92' lang='lat' dir='ltr'>in</span> <span class='ocrx_word' id='word_1_125' title='bbox 734 3008 836 3073; x_wconf 90' lang='lat' dir='ltr'>coelis.</span> 
     </span>
    </p>

    <p class='ocr_par' dir='ltr' id='par_1_15' title="bbox 392 3114 742 3202">
     <span class='ocr_line' id='line_1_24' title="bbox 392 3114 742 3202; baseline -0.02 -21"><span class='ocrx_word' id='word_1_126' title='bbox 392 3116 484 3202; x_wconf 80' lang='lat' dir='ltr'>Quod</span> <span class='ocrx_word' id='word_1_127' title='bbox 501 3116 582 3199; x_wconf 89' lang='lat' dir='ltr'>ipse.</span> <span class='ocrx_word' id='word_1_128' title='bbox 627 3114 742 3176; x_wconf 87' lang='lat' dir='ltr'>Amen.</span> 
     </span>
    </p>

    <p class='ocr_par' dir='ltr' id='par_1_16' title="bbox 394 3218 758 3285">
     <span class='ocr_line' id='line_1_25' title="bbox 394 3218 758 3285; baseline -0.025 1"><span class='ocrx_word' id='word_1_129' title='bbox 394 3218 597 3285; x_wconf 89' lang='lat' dir='ltr'>Benedictio.</span> <span class='ocrx_word' id='word_1_130' title='bbox 643 3218 758 3279; x_wconf 87' lang='lat' dir='ltr'>Amen.</span> 
     </span>
    </p>
   </div>
   <div class='ocr_carea' id='block_1_6' title="bbox 389 3437 1509 3618">
    <p class='ocr_par' dir='ltr' id='par_1_17' title="bbox 389 3437 1509 3618">
     <span class='ocr_line' id='line_1_26' title="bbox 389 3437 471 3494; baseline 0.012 -1"><span class='ocrx_word' id='word_1_131' title='bbox 389 3437 471 3494; x_wconf 79' lang='lat' dir='ltr'>Alia.</span> 
     </span>
     <span class='ocr_line' id='line_1_27' title="bbox 392 3526 1509 3618; baseline 0.014 -24"><span class='ocrx_word' id='word_1_132' title='bbox 392 3532 611 3614; x_wconf 89' lang='lat' dir='ltr'>Omnipotens</span> <span class='ocrx_word' id='word_1_133' title='bbox 623 3530 716 3593; x_wconf 90' lang='lat' dir='ltr'>Deus</span> <span class='ocrx_word' id='word_1_134' title='bbox 734 3528 891 3592; x_wconf 87' lang='lat' dir='ltr'>universa</span> <span class='ocrx_word' id='word_1_135' title='bbox 907 3549 928 3593; x_wconf 88' lang='lat' dir='ltr'>a</span> <span class='ocrx_word' id='word_1_136' title='bbox 942 3529 1038 3592; x_wconf 87' lang='lat' dir='ltr'>vobis</span> <span class='ocrx_word' id='word_1_137' title='bbox 1054 3526 1269 3593; x_wconf 82' lang='lat' dir='ltr'>adversantia</span> <span class='ocrx_word' id='word_1_138' title='bbox 1285 3533 1509 3618; x_wconf 86' lang='lat' dir='ltr'>excludat,e</span> 
     </span>
    </p>
   </div>
   <div class='ocr_carea' id='block_1_7' title="bbox 347 3630 1511 4430">
    <p class='ocr_par' dir='ltr' id='par_1_18' title="bbox 351 3630 1491 3718">
     <span class='ocr_line' id='line_1_28' title="bbox 351 3630 1491 3718; baseline -0.001 -19"><span class='ocrx_word' id='word_1_139' title='bbox 351 3657 416 3699; x_wconf 84' lang='lat' dir='ltr'>suae</span> <span class='ocrx_word' id='word_1_140' title='bbox 433 3655 533 3718; x_wconf 91' lang='lat' dir='ltr'>super</span> <span class='ocrx_word' id='word_1_141' title='bbox 548 3655 607 3698; x_wconf 91' lang='lat' dir='ltr'>vos</span> <span class='ocrx_word' id='word_1_142' title='bbox 620 3633 861 3698; x_wconf 86' lang='lat' dir='ltr'>benedictionis</span> <span class='ocrx_word' id='word_1_143' title='bbox 877 3632 965 3696; x_wconf 90' lang='lat' dir='ltr'>dona</span> <span class='ocrx_word' id='word_1_144' title='bbox 977 3634 1179 3718; x_wconf 86' lang='lat' dir='ltr'>propitiatus</span> <span class='ocrx_word' id='word_1_145' title='bbox 1194 3630 1369 3702; x_wconf 84' lang='lat' dir='ltr'>infundat.</span> <span class='ocrx_word' id='word_1_146' title='bbox 1401 3648 1491 3710; x_wconf 55' lang='lat' dir='ltr'>Amo</span> 
     </span>
    </p>

    <p class='ocr_par' dir='ltr' id='par_1_19' title="bbox 348 3733 1506 3930">
     <span class='ocr_line' id='line_1_29' title="bbox 395 3733 1506 3829; baseline -0.001 -28"><span class='ocrx_word' id='word_1_147' title='bbox 395 3737 504 3801; x_wconf 81' lang='lat' dir='ltr'>Corda</span> <span class='ocrx_word' id='word_1_148' title='bbox 527 3744 642 3802; x_wconf 88' lang='lat' dir='ltr'>vestra</span> <span class='ocrx_word' id='word_1_149' title='bbox 665 3737 786 3800; x_wconf 88' lang='lat' dir='ltr'>efficiat</span> <span class='ocrx_word' id='word_1_150' title='bbox 802 3737 906 3800; x_wconf 88' lang='lat' dir='ltr'>sacris</span> <span class='ocrx_word' id='word_1_151' title='bbox 930 3737 1062 3800; x_wconf 91' lang='lat' dir='ltr'>intenta</span> <span class='ocrx_word' id='word_1_152' title='bbox 1084 3733 1257 3809; x_wconf 88' lang='lat' dir='ltr'>doctrinis,</span> <span class='ocrx_word' id='word_1_153' title='bbox 1273 3757 1345 3819; x_wconf 90' lang='lat' dir='ltr'>quo</span> <span class='ocrx_word' id='word_1_154' title='bbox 1371 3751 1506 3829; x_wconf 62' lang='lat' dir='ltr'>possiti</span> 
     </span>
     <span class='ocr_line' id='line_1_30' title="bbox 348 3841 1066 3930; baseline -0.008 -22"><span class='ocrx_word' id='word_1_155' title='bbox 348 3842 472 3930; x_wconf 87' lang='lat' dir='ltr'>repleri</span> <span class='ocrx_word' id='word_1_156' title='bbox 490 3842 660 3905; x_wconf 88' lang='lat' dir='ltr'>beneficiis</span> <span class='ocrx_word' id='word_1_157' title='bbox 678 3841 902 3924; x_wconf 85' lang='lat' dir='ltr'>sempiternis.</span> <span class='ocrx_word' id='word_1_158' title='bbox 949 3842 1066 3903; x_wconf 87' lang='lat' dir='ltr'>Amen.</span> 
     </span>
    </p>

    <p class='ocr_par' dir='ltr' id='par_1_20' title="bbox 347 3943 1511 4223">
     <span class='ocr_line' id='line_1_31' title="bbox 391 3943 1511 4034; baseline -0.004 -23"><span class='ocrx_word' id='word_1_159' title='bbox 391 3950 563 4034; x_wconf 76' lang='lat' dir='ltr'>Quatenus</span> <span class='ocrx_word' id='word_1_160' title='bbox 595 3954 628 4010; x_wconf 92' lang='lat' dir='ltr'>et</span> <span class='ocrx_word' id='word_1_161' title='bbox 661 3946 874 4030; x_wconf 88' lang='lat' dir='ltr'>exsequenda</span> <span class='ocrx_word' id='word_1_162' title='bbox 906 3946 1149 4030; x_wconf 85' lang='lat' dir='ltr'>intelligentes,</span> <span class='ocrx_word' id='word_1_163' title='bbox 1176 3948 1210 4006; x_wconf 91' lang='lat' dir='ltr'>et</span> <span class='ocrx_word' id='word_1_164' title='bbox 1237 3943 1332 4008; x_wconf 86' lang='lat' dir='ltr'>inter</span> <span class='ocrx_word' id='word_1_165' title='bbox 1363 3955 1461 4022; x_wconf 60' lang='lat' dir='ltr'>adve</span> <span class='ocrx_word' id='word_1_166' title='bbox 1489 3990 1511 4016; x_wconf 51' lang='lat'>„</span> 
     </span>
     <span class='ocr_line' id='line_1_32' title="bbox 347 4047 1504 4133; baseline -0.002 -15"><span class='ocrx_word' id='word_1_167' title='bbox 347 4054 461 4118; x_wconf 90' lang='lat' dir='ltr'>mundi</span> <span class='ocrx_word' id='word_1_168' title='bbox 489 4051 707 4117; x_wconf 90' lang='lat' dir='ltr'>inveniamini</span> <span class='ocrx_word' id='word_1_169' title='bbox 731 4051 915 4126; x_wconf 87' lang='lat' dir='ltr'>indemnes,</span> <span class='ocrx_word' id='word_1_170' title='bbox 940 4057 974 4114; x_wconf 86' lang='lat' dir='ltr'>et</span> <span class='ocrx_word' id='word_1_171' title='bbox 999 4052 1172 4113; x_wconf 86' lang='lat' dir='ltr'>beatorum</span> <span class='ocrx_word' id='word_1_172' title='bbox 1198 4047 1386 4133; x_wconf 89' lang='lat' dir='ltr'>spirituum</span> <span class='ocrx_word' id='word_1_173' title='bbox 1414 4064 1504 4130; x_wconf 67' lang='lat' dir='ltr'>effici</span> 
     </span>
     <span class='ocr_line' id='line_1_33' title="bbox 348 4157 822 4223; baseline -0.013 0"><span class='ocrx_word' id='word_1_174' title='bbox 348 4159 450 4223; x_wconf 89' lang='lat' dir='ltr'>amini</span> <span class='ocrx_word' id='word_1_175' title='bbox 466 4157 658 4222; x_wconf 88' lang='lat' dir='ltr'>coheredes.</span> <span class='ocrx_word' id='word_1_176' title='bbox 704 4158 822 4219; x_wconf 87' lang='lat' dir='ltr'>Amen.</span> 
     </span>
    </p>

    <p class='ocr_par' dir='ltr' id='par_1_21' title="bbox 392 4265 746 4347">
     <span class='ocr_line' id='line_1_34' title="bbox 392 4265 746 4347; baseline 0 -20"><span class='ocrx_word' id='word_1_177' title='bbox 392 4265 484 4347; x_wconf 78' lang='lat' dir='ltr'>Quod</span> <span class='ocrx_word' id='word_1_178' title='bbox 500 4265 582 4346; x_wconf 88' lang='lat' dir='ltr'>ipse.</span> <span class='ocrx_word' id='word_1_179' title='bbox 631 4265 746 4327; x_wconf 87' lang='lat' dir='ltr'>Amen.</span> 
     </span>
    </p>

    <p class='ocr_par' dir='ltr' id='par_1_22' title="bbox 393 4366 759 4430">
     <span class='ocr_line' id='line_1_35' title="bbox 393 4366 759 4430; baseline -0.005 0"><span class='ocrx_word' id='word_1_180' title='bbox 393 4366 594 4430; x_wconf 85' lang='lat' dir='ltr'>Benedictio.</span> <span class='ocrx_word' id='word_1_181' title='bbox 642 4368 759 4428; x_wconf 85' lang='lat' dir='ltr'>Amen.</span> 
     </span>
    </p>
   </div>
   <div class='ocr_carea' id='block_1_8' title="bbox 0 0 1516 4966">
    <p class='ocr_par' dir='ltr' id='par_1_23' title="bbox 0 0 1516 4966">
     <span class='ocr_line' id='line_1_36' title="bbox 0 0 1516 4966; baseline 0 2"><span class='ocrx_word' id='word_1_182' title='bbox 0 0 1516 4966; x_wconf 95' lang='lat' dir='ltr'> </span> 
     </span>
    </p>
   </div>
  </div>
 </body>
</html>
