3022 4966
396 394 659 460 Benedictiones
677 400 712 460 iu
732 397 954 476 Quotidiuuis
969 398 1109 462 Diebus.
1267 397 1329 459 355

220 562 359 648 Talique
383 568 577 633 inventione
605 570 730 656 repleri
753 571 907 648 valeatis,
931 593 998 655 qua
1021 572 1050 635 ei
1074 572 1106 633 in
1131 576 1327 654 perpetuum

177 665 349 749 placeatis.
395 673 513 735 Amen.
1228 679 1231 684 ’

221 771 412 858 Quodipse.
458 779 576 841 Amen.

222 876 428 943 Benedictio.
474 884 590 945 Amen.

220 1031 294 1090 Item
308 1035 380 1091 ulia.

219 1128 440 1193 Devotionem
464 1139 612 1198 vestram
636 1133 799 1198 Dominus
822 1136 1001 1219 dignanter
1024 1134 1187 1207 intendat,
1204 1138 1239 1195 et
1262 1153 1328 1194 suae

176 1233 270 1296 vobis
287 1235 529 1300 benedictionis
544 1237 633 1301 dona
649 1238 820 1302 concedat.
865 1243 982 1301 Amen.

221 1335 362 1421 Talique
375 1359 435 1401 vos
452 1340 653 1424 inpraesenti
671 1341 791 1404 saeculo
809 1340 957 1404 subsidio
973 1340 1113 1414 muniat,
1127 1344 1165 1403 ut
1181 1338 1326 1422 paradisi

179 1461 236 1503 vos
250 1440 285 1504 in
300 1443 415 1507 futuro
431 1444 643 1508 habitatores
660 1445 792 1510 efficiat.
837 1448 954 1509 Amen.

222 1543 342 1629 Sicque
359 1548 459 1611 corda
474 1555 589 1612 vestra
605 1550 841 1614 sanctificando
857 1549 1042 1625 benedicat,
1055 1555 1090 1614 et
1104 1548 1328 1639 benedicendo

178 1651 429 1727 sanctificet‚‘ut
448 1653 627 1728 vobiscum,
645 1655 744 1716 immo
761 1655 794 1715 in
812 1655 916 1729 vobis,
934 1674 1008 1716 eum
1029 1653 1159 1737 jugiter
1174 1653 1327 1715 habitare

79 1744 84 1751 ’
179 1751 333 1818 delectet.
380 1758 497 1820 Amen.

222 1855 316 1939 Quod
333 1859 416 1943 ipse.
461 1862 578 1935 Amen.

222 1961 427 2026 Benedictio.
473 1967 590 2027 Amen.

219 2098 296 2158 Item
311 2101 381 2158 also.

223 2195 291 2261 Det
305 2198 400 2261 vobis
423 2218 545 2262 munus
566 2220 633 2262 suae
656 2198 909 2272 benedictionis,
927 2205 961 2261 et
980 2197 1111 2281 repleat
1133 2217 1193 2260 vos
1208 2197 1329 2280 spirit-u

182 2300 336 2365 veritatis
352 2307 388 2366 et
402 2303 506 2385 pacis.
550 2303 668 2366 Amen.

222 2403 394 2487 Quatenus
425 2406 474 2469 sic
497 2427 559 2490 per
589 2407 678 2470 viam
710 2404 832 2470 salutis
863 2410 936 2470 tota
966 2412 1078 2468 mente
1108 2406 1263 2480 curratis,
1292 2413 1330 2469 ut

181 2506 436 2590 subripientium
452 2507 649 2572 delictorum
666 2507 804 2591 laqueos
814 2507 996 2572 salubriter
1008 2508 1169 2572 evadatis.
1212 2511 1329 2573 Amen.

220 2608 340 2693 Sicque
357 2611 545 2675 efficiamini
561 2612 594 2675 in
612 2613 685 2695 ejus
702 2611 948 2696 supplicatione
969 2611 1092 2685 devoti,
1108 2616 1143 2674 et
1159 2612 1193 2675 in
1209 2618 1328 2676 mutua

178 2696 356 2777 dilectione
382 2715 514 2791 sinceri,
537 2719 576 2779 ut
599 2714 642 2779 ad
666 2714 799 2778 coeleste
822 2735 963 2798 regnum
988 2713 1162 2799 parvenire
1190 2714 1328 2800 possitis

183 2818 302 2880 securi.
348 2820 465 2882 Amen.

225 2921 319 3005 Quod
334 2922 417 3008 ipse.
462 2925 579 2985 Amen.

227 3025 430 3090 Benedictio.
476 3028 593 3090 Amen.

225 3180 308 3237 Alia.

227 3274 397 3341 Concedat
411 3277 506 3340 vobis
522 3275 732 3361 omnipotens
748 3275 839 3341 Deus
855 3296 975 3340 munus
1000 3297 1066 3341 suae
1082 3277 1330 3354 benedictionis,

183 3378 240 3462 qui
256 3385 375 3443 vestrm
391 3383 445 3442 est
459 3379 613 3445 conscius
628 3378 844 3443 infirmitatis.
889 3381 1007 3443 Amen.

225 3484 270 3548 Et
292 3484 348 3567 qui
371 3484 467 3547 vobis
489 3484 610 3548 tribuit
637 3482 846 3569 supplicandi
873 3484 1040 3559 affectum,
1064 3484 1193 3550 tribuat
1215 3506 1329 3549 conso-

182 3588 320 3654 lationis
336 3586 511 3651 auxilium.

226 3692 273 3756 Ut
295 3691 338 3755 ab
361 3711 399 3754 eo
424 3698 458 3755 et
479 3691 653 3777 presentis
674 3695 709 3755 et
729 3689 850 3753 futuru
873 3689 947 3754 vitae
970 3690 1154 3754 subsidium
1177 3693 1327 3777 capiatis,

181 3795 276 3879 cujus
293 3815 353 3858 vos
368 3796 518 3862 bonitate
535 3802 667 3861 creatos
683 3815 757 3859 esse
774 3793 920 3860 creditis.
966 3798 1084 3859 Amen.

227 3897 420 3983 Quodipse.
465 3901 582 3962 Amen.

227 4001 430 4066 Benedictio.
475 4003 593 4067 Amen.

225 4140 309 4196 Alia.

228 4235 443 4321 Omnipotens
459 4235 551 4301 Deus
567 4236 695 4303 coelesti
711 4257 772 4300 vos
789 4237 996 4322 protectione
1014 4234 1204 4310 circumdet,
1217 4241 1252 4300 et
1266 4257 1332 4301 suae

183 4340 424 4405 benedictionis
440 4340 525 4402 douo
541 4339 735 4425 locupletet.
767 4340 897 4416 Amen.

276 4445 341 4508 44*
