3022 4966
512 370 694 434 Ordinatio
712 373 1018 467 Subdiccouorum.

160 570 463 684 ἓΞῖ-Ᾰ

206 699 431 763 Onne-mus.

276 802 462 866 Diaconus.
507 804 696 870 Flectumus
711 826 831 889 genua.
875 807 1048 888 Sequitur,
1065 805 1200 868 Levate.

526 907 690 965 Benedictio
707 907 956 966 Subdincounrum.

207 1001 345 1065 Domine
367 1009 489 1079 sancte,
511 1004 611 1067 Pater
632 1005 849 1088 omnipotens,
865 1012 985 1069 aeterne
1003 1005 1104 1081 Deae,
1121 1005 1314 1068 benedicere

162 1104 298 1189 dignare
328 1106 389 1169 hos
419 1107 560 1171 famulos
590 1114 676 1183 tuos,
703 1130 786 1191 quos
816 1110 856 1172 ad
888 1111 1029 1173 officium
1060 1108 1315 1172 subdiaconatus

163 1228 280 1271 vocare
302 1209 459 1294 dignatus
482 1230 537 1286 es;
561 1217 599 1274 ut
625 1232 682 1274 eos
706 1212 739 1274 in
767 1212 912 1275 sacrario
937 1220 994 1277 tuo
1019 1219 1132 1275 sancto
1161 1217 1314 1273 strenuos

163 1310 387 1395 sollicitosque
403 1313 545 1376 caelestis
568 1313 692 1377 militiae
709 1315 866 1378 instituas
890 1316 1109 1389 excubitores,
1127 1319 1315 1398 sanctisque

163 1412 325 1478 altaribus
339 1416 407 1477 tuis
423 1415 564 1479 fideliter
580 1416 850 1492 subministrent3
873 1422 908 1479 ct
927 1418 1114 1500 requiescat
1138 1438 1238 1499 super
1258 1438 1315 1479 cos

164 1517 302 1601 spiritus
313 1518 482 1600 sapientiae
498 1523 533 1581 et
548 1517 747 1593 intellectus,
759 1518 895 1600 spiritus
911 1518 1039 1581 consilii
1056 1523 1090 1581 et
1101 1518 1316 1595 fortitudinis,

164 1620 301 1705 spiritus
332 1621 474 1684 scientiae
501 1628 536 1684 et
562 1621 707 1703 pietatis,
731 1628 765 1684 et
800 1620 930 1704 repleas
956 1641 1013 1683 eos
1041 1620 1159 1703 spiritu
1187 1620 1315 1684 timoris

163 1725 223 1800 tui,
248 1730 281 1788 et
308 1747 364 1789 eos
394 1725 577 1787 ministerio
604 1724 713 1786 divino
740 1725 923 1798 confirmes,
948 1730 985 1787 ut
1012 1722 1204 1786 obedientes
1227 1723 1316 1787 fucta

164 1831 263 1910 atque
300 1827 388 1913 dicto
424 1832 589 1911 parentes.
628 1831 719 1889 tuam
757 1825 900 1911 gratiam
939 1830 1193 1909 consequantur.
1253 1826 1318 1889 Per

163 1926 350 1993 Dominum.
395 1930 429 1992 in
446 1929 573 1991 unitate
590 1928 748 2011 ejusdem.

205 2030 233 2088 Τ
231 2052 284 2089 unc
297 2032 393 2088 tradat
407 2031 447 2087 eis
460 2030 580 2105 sinentis
592 2031 624 2086 iu
638 2029 754 2086 sinistro
770 2029 912 2105 episcopus
926 2028 1096 2106 manipulos,
1113 2029 1216 2098 (licens,

216 2127 337 2211 Accipe
361 2125 564 2209 manipulum
588 2146 647 2207 per
669 2146 766 2207 quem
788 2123 983 2208 designatur
1005 2125 1137 2189 fructus
1159 2126 1317 2189 bonorum

165 2251 321 2314 operum3
344 2228 445 2311 imple
461 2227 679 2290 ministerium
700 2232 815 2290 tuum:
839 2232 957 2310 potens
973 2227 1059 2289 enim
1084 2233 1136 2291 est
1157 2225 1318 2290 Dominus

164 2337 201 2396 ut
224 2338 346 2417 augeat
367 2330 427 2395 tibi
449 2330 590 2414 gratiam
614 2329 648 2392 in
664 2329 736 2391 fine.
783 2328 844 2412 Qui
867 2329 950 2393 vivit
972 2336 1007 2394 et
1029 2335 1148 2414 regnat
1169 2328 1261 2392 Deus
1283 2329 1318 2391 in

168 2434 287 2498 saecula
303 2433 506 2498 saeculorum.

213 2538 283 2601 Pax
300 2537 370 2600 tibi.

211 2640 262 2697 Ad
275 2637 448 2696 induendum
464 2637 599 2706 tunicam,
612 2635 689 2693 dicut
703 2634 853 2711 episcopus,

129 2722 132 2727 ¹
217 2736 338 2801 Induat
352 2738 386 2797 te
402 2732 563 2796 Dominus
579 2731 777 2794 vestimento
794 2729 922 2805 salutis,
939 2736 973 2794 et
989 2730 1179 2794 indumento
1202 2730 1323 2794 laetitiae

175 2838 354 2907 circumdet
369 2843 402 2900 te
419 2855 557 2918 semper.

217 2948 281 3016 Qua
300 2943 417 3000 inulutus
445 2939 540 2995 statim
560 2938 631 3011 leuat
654 2935 807 3012 epistolam,
825 2940 849 2990 et
868 2940 999 3008 sequatur
1017 2940 1120 2989 trnctns
1138 2933 1180 2990 vel
1198 2932 1325 2992 Alleluia

174 3064 236 3101 cum
250 3040 400 3118 scqieeutia.
443 3034 485 3092 Et
498 3036 631 3110 injuriosi
646 3052 685 3088 ets
704 3032 785 3087 toras
799 3029 948 3085 carronieas
961 3028 1085 3105 qitotidie
1098 3029 1240 3099 dicendas,
1256 3039 1280 3088 et
1294 3041 1326 3088 nt

174 3147 250 3197 orent
275 3158 331 3214 pro
368 3137 436 3212 ipso,
471 3129 677 3205 indnlyentiam
706 3149 751 3184 aa.
787 3126 898 3182 dierum
923 3124 1036 3201 prienes
1069 3146 1163 3182 eorum
1196 3128 1326 3204 epistolas

174 3232 353 3291 audientibus
366 3227 544 3303 ind-ulomaiu

222 3326 343 3397 Deinde,
367 3331 430 3381 ante
458 3320 632 3395 evonqelinm
658 3325 786 3375 vocentur
813 3316 864 3392 qni
889 3313 1044 3371 ortlinandi
1070 3322 1133 3372 sitiit
1161 3315 1276 3373 diaconi
1302 3326 1327 3374 et

173 3423 259 3480 etiam
273 3419 422 3478 sacerdotes
435 3417 521 3473 siinut
535 3416 569 3472 ab
582 3414 789 3480 archidiacono,
804 3412 847 3467 ito
861 3409 974 3466 dicente.

217 3514 387 3579 Recedant
406 3512 462 3595 qui
486 3509 627 3574 ordinati
652 3511 729 3570 sunt
753 3504 970 3569 Subdiaconi:
995 3503 1153 3566 accedant
1168 3505 1222 3586 qui
1240 3504 1325 3567 ordi-

177 3618 274 3682 nandi
290 3621 367 3679 sunt
385 3613 532 3678 Diaconi.
