3022 4966
161 427 225 492 302
295 427 480 513 Pontificol
498 426 610 514 Officos
619 429 714 510 from
730 427 894 513 Leosric's
910 427 1193 509 Sacramentary.

285 631 504 697 Consecratio
520 631 735 697 Ohrismatis.

284 735 500 799 Exorcismus
518 734 601 799 Olei.

209 838 259 901 13.
286 835 503 902 consecratio
519 837 615 920 Ignis
636 841 671 900 et
686 835 783 901 Cerci
800 837 849 921 (in
866 836 1014 902 Sabbato
1031 834 1184 922 Sancto.)

208 940 259 1003 14.
284 938 541 1004 Benedictioncs
558 938 668 1003 varioe.

283 1065 313 1106 a.
329 1043 445 1118 fontis,
461 1042 560 1107 lactis
577 1047 612 1105 ct
627 1041 749 1105 mellis.

283 1147 313 1210 b.
332 1145 440 1232 panis.

282 1269 310 1311 o.
326 1267 511 1333 pomorum.

280 1349 312 1413 d.
329 1368 504 1433 pomorum
520 1354 555 1411 et
571 1347 736 1412 nucleum.

283 1474 312 1516 e.
329 1452 373 1515 ad
390 1451 508 1536 fruges
524 1471 639 1515 novas.

276 1557 299 1619 f.
317 1555 395 1618 vini.

282 1679 315 1744 g.
332 1658 451 1722 crucis.

280 1766 314 1828 h.
331 1782 433 1848 super
448 1782 533 1826 vasa
548 1762 582 1823 in
599 1764 737 1847 antiqno
753 1762 827 1826 loco
842 1769 985 1849 reperta.

283 1869 305 1931 i.
324 1866 428 1950 putei.

208 1972 261 2035 15.
286 1969 404 2035 Oratio
422 1974 500 2054 post
514 1967 719 2032 mandatum.

210 2073 261 2136 16.
286 2072 405 2137 Oratio
421 2071 464 2136 ad
480 2071 618 2156 Agapen
634 2090 833 2155 pauperum.

208 2175 260 2241 17.
286 2175 404 2239 Oratio
420 2173 464 2238 ad
480 2172 734 2258 Capillaturnm.

286 2276 405 2342 Oratio
420 2275 462 2340 ad
478 2276 607 2340 Barbas
623 2275 819 2340 tondendas.

212 2383 264 2446 18.
288 2381 406 2446 Oratio
422 2380 465 2445 ad
481 2380 716 2445 Disconissam
732 2379 929 2445 faciendam.

210 2485 262 2550 19.
288 2482 484 2549 Benedictio
502 2481 661 2546 Vestinm
677 2482 798 2547 Vidnae
815 2483 868 2546 vel
884 2482 1045 2569 Virginis.

287 2586 484 2652 Benedictio
499 2585 665 2670 Virginis.

286 2690 339 2757 Ad
356 2689 533 2755 velandam
551 2688 708 2753 Viduam.

208 2793 261 2857 20.
287 2793 404 2857 Oratio
422 2792 464 2856 ad
487 2791 653 2854 Abbatem
670 2791 724 2854 vei
742 2793 957 2857 Abbatissam
973 2792 1175 2858 faciendam.

209 2901 261 2962 21.
284 2896 531 2964 Reconciliatio
548 2896 802 2961 Haereticorum.

208 3004 261 3068 22.
287 3002 405 3067 Oratio
422 3020 531 3085 super
547 3019 607 3062 eos
623 3000 678 3082 qui
695 3000 906 3063 morticinum
923 2999 1136 3064 comederint.

209 3109 261 3170 23.
287 3103 530 3170 Reconciliatio
567 3102 699 3167 Altaria
739 3103 794 3167 ubi
838 3103 1051 3167 homicidium
1093 3116 1346 3192 perpetratum

242 3208 353 3272 fuerit.

207 3314 260 3377 24.
285 3309 400 3374 Oratio
416 3328 476 3394 pro
494 3308 725 3390 regnantibus.

206 3415 259 3478 25.
285 3411 401 3477 Oratio
418 3431 520 3496 super
536 3409 732 3475 militantes.

205 3519 257 3581 26.
284 3512 543 3579 Benedictiones
559 3533 662 3596 super
677 3534 792 3598 regem
811 3513 943 3576 noviter
958 3512 1112 3578 eiectum.

208 3620 261 3687 27.
286 3617 465 3682 Orationes
495 3636 566 3698 quae
604 3616 751 3680 dicenda
781 3623 859 3682 sunt
894 3638 994 3702 super
1025 3618 1344 3718 Archiepiscopum

242 3729 422 3805 antequam
438 3719 576 3805 pallium
594 3721 745 3804 accipiat.

213 3827 269 3891 28.
291 3822 545 3890 Benedictiones
562 3821 595 3886 in
612 3821 817 3908 quotidianis
832 3824 950 3888 diebus
965 3829 1000 3888 et
1016 3844 1117 3910 super
1134 3846 1276 3918 regem,
