3022 4966
500 419 763 484 Benedictioace
778 415 1016 499 Episcopalce.
1274 414 1335 479 183

177 641 397 704 perseverare
413 624 583 703 concedat,
598 629 637 688 ut
658 623 805 690 coelestis
819 621 916 708 regni
938 620 1087 686 heredes
1103 619 1166 685 sibi
1182 623 1337 704 acceptos

178 723 314 790 efficiat.
358 727 477 792 Amen.

220 826 267 891 Et
288 848 390 911 quem
416 849 529 895 coram
557 829 710 893 omnibus
737 828 930 893 viventibus
952 824 1098 890 fideliter
1123 824 1338 904 confitemini,

178 948 256 994 cnm
271 950 311 994 eo
326 930 361 994 in
376 931 439 996 illa
454 937 580 997 aterna
594 931 708 1017 patria
723 930 796 996 sine
811 930 878 995 fine
893 927 1063 994 letemini.
1107 929 1227 994 Amen.

192 1037 200 1049 ¹
222 1030 317 1116 Quod
331 1032 418 1118 ipse.

220 1216 393 1280 Benedictio
403 1240 458 1300 pro
472 1220 622 1298 dej'unctis.

223 1399 349 1465 Aurem
366 1422 461 1467 suam
477 1402 634 1488 precibus
649 1400 775 1466 vestris
795 1401 944 1464 vivorum
959 1399 1058 1463 simul
1075 1421 1114 1465 ac
1130 1401 1335 1463 mortuorum

179 1499 371 1568 dominator
384 1503 478 1569 Deus
500 1505 705 1590 propitiatus
728 1502 967 1577 accommodet,
983 1508 1019 1566 et
1040 1522 1125 1586 quas
1146 1501 1266 1565 devote
1288 1501 1337 1566 illi

178 1622 239 1687 pro
253 1604 412 1669 defuncto
428 1605 554 1670 famulo
567 1626 628 1670 suo
643 1604 688 1669 N.
705 1624 823 1690 preces
839 1603 1021 1680 effunditis,
1034 1604 1097 1668 sibi
1113 1602 1337 1688 acceptabiles

181 1701 336 1788 placatus
352 1708 485 1773 efficiat.
529 1710 649 1773 Amen.

225 1806 332 1874 Vobis
355 1811 513 1875 universa
536 1816 717 1894 antequam
741 1808 781 1873 de
798 1807 919 1873 saeculo
940 1808 1095 1893 migretis
1111 1807 1225 1872 debita
1239 1806 1338 1872 mise·

179 1915 276 1973 ratus
309 1910 496 1999 indulgeat,
526 1913 672 1977 animam
702 1911 820 1975 famuli
855 1911 906 1975 sui
938 1909 1009 1995 jam
1044 1910 1145 1975 rebus
1178 1910 1335 1976 humanis

179 2018 372 2096 exemptum
409 2013 449 2078 de
484 2013 706 2078 infernalibus
740 2014 875 2078 Tartari
913 2013 1119 2078 cruciatibus
1153 2011 1337 2078 clementer

179 2114 314 2199 eripiat,
329 2121 366 2182 et
387 2138 523 2182 suorum
546 2117 717 2182 consortio
740 2122 932 2182 sanctorum
947 2116 982 2179 in
998 2114 1090 2181 eoelis
1111 2113 1335 2182 coronandum

181 2218 321 2306 adjungi
337 2221 519 2307 precipiat.
564 2225 683 2286 Amen.

224 2320 494 2407 Indignationem
518 2344 613 2388 suam
636 2345 657 2388 a
678 2322 775 2387 vobis
797 2320 913 2407 procul
936 2327 1101 2398 amoveat,
1123 2319 1334 2386 clementiam

181 2441 275 2488 suam
290 2424 386 2489 vobis
400 2425 605 2490 ineffabilem
628 2425 797 2501 exhibeat,
813 2428 903 2489 utet
922 2423 1013 2509 digni
1030 2423 1118 2508 apud
1141 2443 1216 2487 eum
1233 2422 1336 2487 inter-

136 2547 141 2555 ·
180 2545 334 2591 cessores
364 2526 595 2604 inveniamini,
625 2533 660 2591 et
691 2526 727 2591 in
757 2527 847 2591 omni
877 2527 1041 2612 petitione
1075 2529 1192 2590 vestra
1222 2525 1264 2589 ab
1295 2546 1334 2589 co

179 2626 324 2693 libenter
339 2630 491 2694 exaudiri
507 2629 713 2694 mereamini.
759 2631 877 2692 Amen.

222 2731 317 2817 Quod
333 2732 416 2817 ipse.

218 2902 383 2962 Benedictio
396 2903 431 2962 de
446 2902 568 2982 Corpore
583 2903 701 2963 Christi.

222 3083 406 3150 Benedicat
420 3104 481 3149 vos
495 3082 600 3162 Deus,
616 3086 673 3170 qui
690 3105 751 3170 per
765 3081 943 3170 Unigeniti
961 3081 1013 3146 sui
1029 3082 1220 3167 passionem
1236 3088 1335 3148 vetus

178 3186 304 3270 pascha
324 3187 361 3250 in
383 3207 506 3251 novum
528 3186 638 3253 voluit
659 3187 823 3264 converti,
847 3184 1072 3269 concedatque
1096 3185 1203 3262 vobis,
1220 3191 1259 3249 ut
1281 3208 1338 3251 ex·

176 3294 322 3375 purgato
359 3290 486 3355 veteris
527 3289 685 3356 fermenti
722 3289 889 3377 contagio,
927 3289 963 3352 iu
1006 3289 1102 3355 vobis
1139 3297 1336 3374 perseveret

178 3392 382 3478 conspersio.
427 3394 547 3456 Amen.

221 3494 267 3559 Et
281 3494 338 3580 qui
353 3493 397 3559 nd
411 3493 644 3559 celebrandam
662 3496 812 3579 corporis
835 3493 961 3558 Christi
977 3492 1212 3578 Redemptoris
1228 3497 1336 3560 nostri

178 3598 464 3665 consecrationem
487 3596 650 3661 hodierna
665 3597 718 3661 die
738 3604 850 3662 mente
871 3597 993 3661 devota
1015 3597 1231 3675 convenistis,
1248 3619 1334 3683 pane

177 3708 326 3787 potuque
340 3699 468 3765 coelesti
483 3698 613 3776 retecti,
627 3719 783 3784 supremo
794 3699 901 3785 judici
913 3720 987 3763 cum
999 3698 1121 3784 gaudio
1138 3700 1334 3785 praesentari

178 3804 329 3890 possitis.
372 3803 492 3868 Amen.

222 3906 336 3991 Ipsius
356 3922 487 3990 quoqne
510 3899 700 3987 opitulante
722 3901 912 3978 clementia,
928 3900 1133 3965 mundemini
1156 3923 1177 3966 a
1192 3901 1334 3966 maculis

177 4017 400 4094 peccatorum,
416 4006 472 4092 qni
488 4004 522 4069 in
539 4002 692 4071 Ecclesia
707 4004 883 4072 catholica
904 4025 1038 4069 carnem
1055 4025 1149 4069 suam
1170 4005 1205 4068 in
1221 4005 1330 4068 cibum

178 4118 213 4176 et
234 4112 433 4198 sanguinem
460 4130 557 4173 suum
585 4108 619 4171 in
644 4116 759 4194 potum
787 4108 901 4175 offerri
924 4107 1100 4173 constituit
1127 4109 1161 4172 in
1187 4107 1331 4172 salutem

177 4214 323 4281 fidelium
339 4212 618 4279 Christianorum.
663 4214 781 4277 Amen.

219 4318 314 4405 ouon
330 4318 413 4401 ipse.
