3022 4966
704 442 963 507 Benedictiones
980 443 1142 508 Diuercoe.

696 751 972 817 BENEDIOTIO
995 753 1163 819 DOMUS.

396 939 534 1014 Adesto,
558 936 709 1014 Domine,
734 938 1032 1024 supplicationibus
1055 939 1193 1015 nostris,
1210 946 1248 1004 et
1270 940 1370 1007 hanc
1397 942 1500 1007 dom·

353 1041 482 1106 serenis
513 1040 619 1105 oculis
649 1051 714 1105 tuae
741 1042 878 1126 pietatis
908 1041 1061 1120 illustra5
1091 1042 1285 1121 descendat,
1313 1066 1502 1130 quassum·

353 1164 454 1229 super
474 1146 666 1210 habitantes
681 1146 716 1208 in
739 1167 781 1209 ea
795 1146 912 1229 gratiae
935 1151 1000 1210 tuse
1017 1145 1116 1233 larga
1129 1146 1337 1224 benedictio,
1356 1149 1460 1214 utin
1485 1150 1508 1213 b

352 1248 568 1313 manufactis
590 1247 791 1312 habitaculis
813 1269 887 1312 cum
904 1247 1103 1315 salubritate
1127 1254 1315 1328 manentes,
1333 1250 1411 1338 ipsi
1439 1259 1506 1318 tuu

354 1373 486 1437 semper
500 1352 569 1416 sint
584 1349 823 1415 habitaculum.
869 1350 942 1415 Per.

393 1455 479 1513 Alia.

396 1551 527 1615 Exaudi
543 1572 616 1626 nos,
629 1549 779 1623 Domine,
792 1555 907 1614 sancte
923 1550 1035 1627 Pater,
1051 1551 1262 1637 omnipotens
1274 1555 1415 1617 aeterne
1429 1553 1503 1619 De

354 1661 392 1720 ut
408 1655 436 1719 si
452 1676 518 1739 qua
533 1659 612 1718 sunt
635 1653 786 1729 adversa,
803 1653 831 1716 si
854 1673 921 1737 qua
943 1655 1121 1731 contraria,
1137 1655 1172 1718 in
1194 1655 1259 1718 hac
1275 1654 1385 1721 domo
1410 1659 1489 1722 fam

355 1759 405 1822 tui
422 1758 473 1823 ill.
490 1757 693 1822 anctoritate
709 1757 898 1839 majestatis
914 1761 978 1820 tua
994 1755 1175 1841 pellantur.
1219 1755 1295 1819 Per.

623 1928 790 1994 ORATIO
813 1927 996 1992 CONTRA
1019 1928 1245 1995 FULGURA.

394 2120 530 2178 Primum
544 2128 699 2197 sparpatur
713 2138 789 2194 apua
804 2117 958 2189 benedicto,
974 2125 999 2176 et
1008 2126 1107 2196 postea
1120 2117 1237 2175 dicutur
1250 2116 1310 2175 ista
1324 2123 1445 2184 oratio.

398 2216 616 2299 Omnipotens
640 2215 841 2296 sempiterne
864 2212 965 2290 Deus,
989 2234 1089 2297 parce
1115 2213 1361 2291 metuentibus,
1390 2225 1434 2283 ot
1460 2242 1484 2305 p
1510 2264 1511 2271 ,

354 2320 476 2406 pitiare
508 2317 723 2403 supplicibus,
755 2322 794 2381 ut
824 2321 902 2401 post
932 2316 1051 2380 noxios
1081 2317 1177 2401 ignes
1208 2315 1352 2381 nubium
1393 2327 1434 2386 et
1468 2323 1502 2387 vi

355 2421 586 2508 procellarum,
603 2420 637 2483 in
658 2419 834 2483 materiam
855 2424 1009 2484 transeat
1030 2418 1141 2484 laudis
1164 2419 1392 2488 comminatio
1416 2432 1502 2511 pote

355 2527 448 2592 tatis.
494 2525 568 2589 Per.

630 2624 796 2690 ORATIO
819 2624 928 2690 POST
952 2623 1234 2691 MANDATUM.

397 2820 535 2894 Adesto,
561 2816 716 2891 Domine,
744 2815 851 2878 officio
878 2822 1001 2880 nostra
1028 2814 1216 2890 servitutis,
1239 2815 1322 2898 quia
1351 2823 1395 2883 tu
1426 2825 1511 2908 ped

351 2926 467 2990 lavare
476 2923 635 3007 dignutus
645 2943 683 2984 es
693 2926 827 2984 tuorum
837 2919 1086 3004 discipulorum,
1097 2940 1199 3004 opera
1208 2939 1375 2987 manuum
1388 2929 1501 2993 tuas-u

351 3053 394 3095 ne
417 3028 592 3112 despicias,
608 3046 681 3108 quae
704 3024 802 3087 nobis
824 3024 1001 3088 retinenda
1022 3024 1201 3100 mandasti,
1217 3028 1253 3087 et
1275 3023 1373 3091 sicut
1397 3029 1499 3098 hice

353 3133 481 3197 teriora
503 3130 688 3194 abluuntur
703 3127 966 3210 inquinamenta,
983 3127 1031 3191 sic
1053 3148 1075 3190 a
1096 3132 1131 3192 te
1152 3126 1298 3190 omnium
1323 3139 1511 3202 nostroru

353 3236 518 3301 interiora
534 3238 720 3319 purgentur
735 3236 883 3316 peecata.

399 3339 589 3424 Quodipse.

558 3455 725 3521 ORATIO
749 3453 812 3517 AD
835 3452 1024 3519 AGAPEM
1047 3453 1313 3519 PAUPERUM.

397 3652 461 3727 Da,
478 3668 676 3733 quaesumus,
691 3643 845 3720 Domine,
871 3645 996 3709 famulo
1018 3651 1078 3709 tuo
1101 3643 1166 3719 ill,
1190 3650 1333 3726 sperata
1356 3656 1508 3744 suffragi

354 3758 517 3829 obtinere,
534 3752 645 3835 utqui
661 3757 738 3814 tuos
762 3769 927 3834 pauperes
950 3750 1003 3813 vel
1028 3755 1107 3814 tuas
1130 3745 1291 3812 ecclesius
1317 3763 1504 3827 munerari

356 3867 548 3928 sanctorum
580 3855 725 3919 omnium
755 3853 855 3916 simul
886 3859 921 3917 et
952 3854 1041 3917 beati
1071 3850 1249 3917 Laurentii
1276 3863 1454 3945 martyris
1480 3873 1507 3932 t·

353 3970 524 4033 mereatur
540 3959 719 4036 consortia,
736 3959 832 4042 cujus
848 3962 900 4021 est
916 3956 1070 4040 exempla
1086 3961 1232 4021 secutus.
1278 3953 1362 4024 Per.
