3022 4966
485 416 612 479 Modus
632 416 840 500 Consieiendi
859 417 1025 481 Obrisma.
1267 413 1332 476 263

178 621 214 680 et
242 617 292 680 ita
321 621 413 682 totus
443 618 587 704 hymnus
613 624 768 685 cantetur
793 625 833 685 ut
858 621 985 705 primus
1013 641 1130 685 versus
1156 641 1176 685 a
1203 619 1333 684 clericis

178 739 275 783 secus
300 719 408 786 altare
432 721 601 787 stantibus
627 728 788 798 cantetur,
817 724 991 800 secundus,
1018 745 1040 789 a
1065 728 1137 788 toto
1164 722 1275 798 choro,
1299 727 1333 786 et

177 821 228 886 ita
260 822 454 889 alternatim
486 827 630 911 hymnus
663 835 827 892 cantetur.
873 827 944 911 Quo
977 828 1075 905 dicto,
1111 827 1334 910 subsequatur

176 925 374 1004 benedictio,
408 929 546 1007 scilicet,
580 931 668 995 Hoeo
705 932 908 1002 commixtio,
939 930 1110 1014 liquorum
1141 935 1176 994 et
1211 935 1334 994 cetera.

177 1026 316 1106 Deinde,
340 1032 448 1096 oratio
471 1054 545 1097 cum
568 1033 736 1097 Dominus
761 1035 935 1097 vobiscum
962 1051 997 1098 eu
1023 1039 1140 1098 ceterae
1167 1032 1336 1098 orationes

178 1138 365 1215 sequentes.

220 1235 348 1319 Quibus
363 1237 471 1316 dictis,
487 1241 665 1324 episcopus
681 1239 772 1303 dicat
786 1237 858 1303 alta
873 1261 964 1316 voce,

218 1342 289 1406 Per
304 1344 418 1407 omnia
434 1345 561 1409 saccula
576 1345 777 1409 scoculorum
785 1365 798 1420 ,·

219 1444 386 1510 Dominus
401 1448 595 1525 vobiscum

219 1550 366 1612 Sursum
381 1551 510 1627 eorda;

221 1654 366 1717 Gratias
382 1674 536 1737 aqamus,

174 1777 248 1819 cum
265 1761 425 1841 sequente
441 1756 646 1841 praefatione.

217 1861 298 1924 Post
314 1860 488 1945 predictas
503 1860 762 1934 benedictiones,
774 1857 928 1922 minister
942 1857 1122 1943 ampullam
1138 1859 1330 1925 chrismatis

173 1963 337 2039 deferens,
352 1984 426 2027 cum
450 1963 588 2027 sindone
604 1983 671 2047 qua
690 1962 889 2047 praecinctus
905 1965 959 2025 est
980 1962 1175 2045 co-operiat,
1192 1983 1331 2047 eamque

171 2067 204 2130 in
230 2067 369 2132 dextera
390 2071 487 2150 parte
507 2065 626 2132 altaris
649 2084 823 2150 quousque
846 2067 969 2147 Aquae
985 2064 1050 2128 Dei
1072 2068 1237 2143 cantetur,
1254 2086 1327 2130 curn

173 2170 363 2234 reverentia
378 2174 503 2235 teneat.

215 2275 338 2340 Postea
350 2274 525 2359 episcopus
536 2273 628 2337 dicat
641 2272 713 2337 alta
727 2270 1187 2346 commemorabamus
1209 2271 1329 2336 deinde

170 2378 260 2442 dicat
274 2378 433 2442 diaconus
448 2377 504 2460 qui
528 2376 738 2462 evangelium
759 2374 853 2460 legit,
871 2374 1067 2438 Humiliatc
1089 2394 1148 2437 coe
1164 2376 1213 2438 ad
1235 2377 1327 2440 benc-

170 2483 351 2546 dictioncm
360 2503 373 2559 ;
395 2479 514 2544 deinde
531 2483 691 2563 sequatur
705 2477 894 2542 benedictio
911 2496 1012 2560 super
1025 2476 1196 2560 populum.

214 2584 296 2647 Post
310 2580 573 2646 benedictionem
588 2581 678 2644 dieat
693 2580 878 2664 episeopus,
895 2579 942 2642 Et
952 2599 1031 2659 pas
1046 2579 1128 2662 ejus.

212 2686 304 2749 Tunc
316 2688 433 2749 cantor
445 2683 584 2767 incipiat
594 2685 717 2766 Aquas
729 2682 816 2758 Dci;
839 2685 873 2744 ct
884 2680 1057 2745 deferatur
1069 2701 1128 2744 vas
1138 2681 1328 2748 chrismatis

168 2810 190 2854 a
218 2787 374 2872 praedicto
398 2785 552 2850 ministro
582 2783 737 2866 episcopo
762 2781 1031 2847 deosculandum.
1076 2782 1199 2847 Postea
1223 2785 1323 2849 etiam

168 2893 240 2958 loco
264 2892 357 2976 pacis
380 2890 415 2952 in
439 2889 576 2953 chorum
599 2885 773 2950 deferatur
796 2905 836 2950 eo
861 2886 977 2950 ordine
1002 2905 1068 2968 quo
1093 2884 1216 2949 chorus
1239 2886 1325 2952 solet

184 2994 363 3060 hurificari.

168 3001 184 3061 l
211 3099 265 3164 Sic
279 3103 319 3163 ut
333 3100 450 3162 cantor
465 3093 600 3160 inchoet
614 3092 888 3172 communionem,
904 3093 1002 3159 etita
1020 3090 1193 3157 servitium
1210 3093 1323 3161 debito

166 3225 257 3269 more
274 3201 491 3287 compleatur.
