3022 4966
159 430 223 497 308
493 431 545 496 De
563 430 749 496 Ordinibus
767 430 996 516 Conferendic.

499 825 753 893 ORDINATIO
776 825 1001 891 LECTORIS.

203 1015 305 1072 Lector
327 1035 397 1072 cum
423 1015 588 1087 ordinatur,
605 1016 684 1092 facit
706 1015 740 1073 de
767 1014 818 1072 illo
840 1015 988 1092 epiecopus
1010 1013 1123 1070 verbam
1150 1011 1193 1068 od
1211 1012 1342 1090 plebem,

164 1109 299 1167 indicam
323 1109 382 1185 ejas
405 1110 497 1185 fidem
518 1131 552 1169 ac
576 1112 667 1169 vitam
687 1118 771 1188 atque
795 1109 969 1185 inpositam
986 1115 1049 1186 poet
1069 1107 1135 1178 haec,
1156 1115 1343 1184 aspectam

162 1204 276 1283 populo,
290 1205 387 1262 tradat
400 1207 429 1264 ei
442 1206 565 1264 codicem
579 1206 682 1284 dequo
696 1206 818 1263 lecturias
832 1214 881 1276 eat,
894 1203 1012 1262 diceas:

208 1301 342 1385 Accipe,
368 1307 405 1366 oi
431 1306 505 1366 esto
535 1302 629 1366 verbi
659 1300 723 1366 Dei
752 1300 889 1375 relator,
913 1299 1102 1373 habiturus,
1128 1297 1156 1360 si
1184 1297 1342 1363 fideliter

167 1401 359 1486 impleveris
382 1403 538 1480 officium,
562 1409 692 1490 partem
714 1424 788 1468 cum
812 1402 865 1466 his
888 1402 943 1487 qui
967 1400 1104 1465 verbum
1127 1397 1190 1463 Dei
1213 1399 1341 1466 minis·

165 1504 341 1570 traverint.

601 1606 742 1685 Proesaiio
755 1606 890 1665 Lectoric.

209 1701 350 1787 Eiiguni
376 1708 410 1766 ta
436 1701 562 1766 fratres
588 1702 639 1766 tui
665 1712 704 1765 ut
730 1702 777 1766 sis
803 1700 909 1765 lector
933 1698 967 1762 in
992 1699 1089 1764 domo
1115 1699 1179 1763 Dei
1204 1701 1273 1778 eui,
1301 1706 1344 1768 st

168 1825 332 1890 agnoscas
357 1804 500 1868 officium
525 1810 631 1882 tuum,
658 1811 696 1869 ut
721 1803 862 1889 impleas
885 1803 988 1878 illud3
1015 1808 1135 1888 potens
1160 1808 1216 1868 est
1243 1807 1342 1871 enim

169 1907 260 1972 Deus
277 1914 317 1970 ut
332 1913 457 1990 augeat
472 1907 533 1972 cibi
549 1907 705 1992 gratiam.
751 1907 826 1971 Per.

589 2009 759 2068 Benedictio
773 2008 904 2085 cp'mdesm

212 2103 365 2180 Domine,
381 2109 495 2168 sancte
511 2104 621 2182 Pater,
638 2104 849 2187 omnipotens
869 2109 991 2168 aterne
1013 2102 1117 2179 Deus,
1132 2102 1344 2173 benedicere

169 2207 319 2292 digneris
355 2206 517 2270 famulum
556 2213 652 2271 tuum
686 2208 775 2270 hunc
805 2206 859 2270 ill.
896 2206 932 2268 in
970 2205 1076 2270 officio
1109 2205 1263 2287 lectoris,
1299 2219 1346 2278 ut

170 2309 372 2375 assiduitate
396 2308 578 2374 lectionum
602 2311 783 2374 distinctus
800 2315 900 2393 atque
916 2314 1054 2374 ornatus
1069 2309 1158 2374 curis
1173 2312 1347 2394 modulis,

172 2410 318 2495 spiritali
341 2411 519 2476 devotione
533 2418 634 2499 grata
648 2412 763 2499 lingua
784 2417 920 2477 resonet
935 2412 1091 2477 ecclesia.
1136 2411 1202 2476 Per
1219 2413 1347 2485 Domi-

171 2538 250 2581 num
267 2523 428 2581 nostrum.
