3022 4966
523 412 574 475 De
594 414 830 480 Celebratione
848 416 1037 500 Pontificio.

246 575 298 639 Ne
314 581 471 663 projicias
486 605 537 645 me
553 606 573 648 a
589 586 672 649 facie
687 593 766 663 tua3

286 681 331 745 Et
346 684 498 768 spiritum
515 692 605 751 tuum
623 710 664 752 ne
680 692 811 755 auferas
828 713 848 755 a
864 712 923 754 me.

242 790 353 855 Redde
370 793 450 855 mihi
467 794 612 861 laetitiam
630 799 787 864 salutaris
803 802 870 877 tui;

284 893 330 958 Et
345 896 463 979 spiritu
479 899 651 984 principali
668 903 824 966 confirma
840 925 901 966 me.

243 995 437 1063 Sacerdotes
452 1001 500 1065 tui
515 1003 694 1068 induantur
704 1006 891 1088 justitiam

284 1098 328 1162 Et
344 1103 448 1165 sancti
464 1104 513 1167 tui
530 1105 708 1170 exsultent.

240 1199 378 1266 Domine
394 1204 485 1269 Deus
500 1207 669 1285 virtutum,
686 1215 840 1273 converte
856 1229 937 1283 nos;

282 1305 327 1370 Et
341 1310 477 1372 ostende
493 1311 609 1375 faciem
626 1318 728 1386 tuam,
745 1319 780 1375 et
796 1312 878 1376 salvi
896 1313 1026 1375 erimus.

240 1406 391 1486 Domine,
407 1412 526 1475 exaudi
542 1413 721 1477 orationem
739 1434 845 1476 meam
859 1437 867 1487 ;

282 1511 328 1574 Et
342 1512 465 1576 clamor
479 1536 573 1578 meus
588 1516 629 1578 ad
645 1521 679 1578 te
696 1516 816 1580 veniat.

238 1613 399 1679 Dominus
416 1618 582 1680 vobiscum
594 1642 601 1692 ;

281 1717 413 1782 Etcum
429 1719 548 1803 spiritu
564 1726 631 1784 tuo.

239 1819 388 1886 Oremus.

242 1924 371 1989 Oratio.
416 1927 524 1991 Aures
545 1932 609 1991 tuae
629 1927 775 2012 pietatis,
796 1927 968 1992 mitissime
986 1927 1087 2004 Deus,
1104 1927 1226 1992 inclina
1241 1933 1345 2015 preci-

192 2026 254 2090 bus
270 2028 363 2104 mcis‚
379 2035 413 2092 et
427 2031 538 2114 gratia
554 2030 665 2094 Sancti
682 2030 825 2114 Spiritus
842 2030 994 2094 illumina
1015 2051 1204 2109 cormeum,
1222 2038 1259 2096 ut
1276 2036 1344 2098 tuis

191 2132 358 2213 mysteriis
374 2132 470 2216 digne
486 2132 675 2197 ministrare
689 2153 828 2196 merear.
872 2133 936 2196 Per
951 2131 1118 2195 Christum
1134 2132 1320 2200 Dominum.

233 2233 364 2297 Oratio.
409 2235 566 2299 Actiones
595 2241 737 2311 nostras,
763 2256 960 2318 quesumus,
988 2234 1137 2310 Domine,
1164 2237 1341 2320 aspirando

188 2334 338 2418 praeveni,
355 2341 390 2399 et
411 2336 597 2419 adjuvando
619 2358 827 2423 prosequere,
851 2344 889 2400 ut
911 2344 1029 2400 cuncta
1052 2344 1167 2401 nostra
1190 2342 1340 2422 operatio

186 2459 207 2501 a
224 2444 257 2501 te
274 2458 403 2523 semper
417 2439 564 2523 incipiat,
581 2446 616 2504 et
630 2462 689 2523 per
705 2446 737 2504 te
754 2447 860 2524 ooepta
875 2439 1021 2503 finiatur.

224 2541 356 2605 Oratio.
393 2541 534 2619 Parme,
550 2564 672 2627 quaeso,
683 2542 784 2618 Deus,
798 2542 843 2606 ita
856 2541 990 2625 justitia
1002 2540 1104 2616 indui,
1118 2546 1154 2606 ut
1171 2542 1205 2606 in
1218 2543 1339 2609 electo·
1374 2617 1377 2621 ,

185 2663 257 2706 rum
279 2665 408 2707 merear
428 2644 648 2708 exsultatione
663 2644 778 2719 letari,
795 2649 959 2727 quatenus
974 2648 1095 2706 exutus
1118 2644 1161 2707 ab
1184 2648 1337 2710 omnibus

185 2745 335 2808 sordibus
365 2753 584 2829 peccatorum,
615 2746 816 2809 consortium
846 2744 1011 2827 adipiscar
1039 2744 1102 2809 tibi
1132 2743 1335 2828 placentium

184 2847 411 2923 sacerdotum
435 2868 552 2930 meque
568 2854 626 2910 tua
647 2846 872 2909 misericordia
893 2867 914 2909 a
936 2845 1026 2908 vitiis
1050 2846 1200 2909 omnibus
1224 2862 1335 2923 exuat,

183 2971 280 3032 quem
314 2954 427 3013 reatus
461 2951 613 3034 proprias.
637 2947 841 3013 conscientia
874 2952 1003 3030 gravat.
1063 2947 1130 3010 Per
1164 2946 1332 3013 Christum

182 3051 370 3116 Dominum.

225 3223 335 3300 Oalipr'e
349 3233 373 3282 et
386 3223 526 3282 sandaliis
544 3224 692 3303 impositio,
703 3221 829 3301 pontifex
837 3222 922 3301 prius
942 3243 1028 3299 qaam
1047 3223 1104 3281 sibi
1123 3224 1257 3283 amictam
1278 3228 1334 3285 im-

176 3328 275 3398 ponat,
286 3328 370 3397 caput
377 3321 505 3398 peotiaet,
518 3340 618 3377 manas
627 3328 651 3377 et
664 3317 765 3386 faciem
776 3318 869 3384 lavet,·
889 3325 913 3375 et
923 3317 992 3376 dam
1005 3318 1084 3390 lavit,
1098 3317 1175 3385 dicat
1192 3321 1333 3399 episcopas

180 3416 253 3473 hano
266 3416 428 3473 orationem.

222 3509 359 3595 Largire
387 3510 538 3574 sensibus
568 3509 700 3584 nostris,
727 3507 934 3591 omnipotens
961 3508 1069 3585 Pater,
1098 3513 1135 3571 ut
1161 3508 1247 3572 sicut
1277 3510 1329 3575 hic

179 3612 357 3676 abluuntur
372 3599 619 3696 inquinamenta
635 3631 799 3685 manuum,
815 3609 864 3673 ita
878 3631 899 3673 a
914 3616 947 3673 te
970 3609 1169 3674 mundentur
1190 3609 1329 3675 interius

177 3714 377 3799 pollutiones
403 3715 532 3790 mentis,
560 3721 595 3779 et
617 3719 745 3777 crescat
770 3732 900 3794 semper
924 3712 957 3774 in
988 3713 1082 3775 nobis
1112 3720 1326 3796 augmentum

179 3822 365 3881 sanctarum
383 3818 552 3881 virtutum.
597 3817 661 3880 Per
676 3814 855 3879 Christum.

267 3923 305 3984 l*
