3022 4966
693 439 956 503 Benedictiom
970 437 1135 502 Diome.

686 817 915 885 sssssnlcr
917 818 963 883 10
987 817 1134 884 PANIS.

381 1008 546 1076 Beneffioo
568 1017 615 1086 te,
637 1015 796 1074 creatura
817 1007 927 1093 panis,
950 1007 984 1072 in
1007 1006 1141 1073 nomine
1162 1007 1281 1073 Pauis
1308 1015 1354 1076 et
1382 1009 1472 1075 mii
1504 1056 1511 1064 -

336 1112 483 1199 Spiritus
509 1112 625 1178 Sancti
648 1132 709 1198 per
735 1111 897 1175 virtutem
925 1109 1106 1176 Dominica
1127 1109 1308 1196 passionis
1336 1119 1379 1178 et
1407 1134 1487 1179 res·

335 1215 494 1282 rectionis
518 1236 540 1280 a
554 1215 707 1291 mortuis,
723 1221 762 1279 ut
783 1213 996 1278 sanctificata
1017 1215 1122 1280 verbo
1143 1213 1208 1279 Dei
1231 1214 1506 1284 benedictione

336 1340 491 1385 assumas
520 1318 683 1383 adversm
709 1337 827 1381 omnes
853 1317 1025 1401 nequitias
1055 1315 1231 1402 spiritales
1257 1324 1300 1383 et
1329 1320 1446 1386 unive
1494 1372 1495 1375 ι

338 1423 543 1489 solitudines
574 1421 855 1505 infirmitatesque
887 1420 1124 1497 membrorum,
1154 1426 1194 1485 ut
1225 1420 1454 1510 quicumque

336 1526 551 1612 sumpserint,
567 1526 615 1590 sis
631 1525 681 1589 eis
702 1524 738 1587 in
754 1523 896 1588 tutelam
912 1523 1036 1588 mentis
1050 1531 1087 1589 et
1107 1524 1271 1609 eorporis,
1289 1524 1327 1589 in
1344 1526 1449 1594 hono
1476 1560 1511 1585 n.

268 1639 274 1649 '
335 1628 469 1695 Domini
498 1628 606 1693 nostri
631 1627 716 1691 lesu
745 1625 882 1701 Christi,
909 1627 967 1709 qui
998 1634 1051 1690 est
1077 1626 1280 1692 benedictus
1311 1628 1353 1693 in
1389 1631 1508 1696 saecul

336 1731 542 1798 seculorum.
580 1732 704 1795 almon.

381 1832 465 1893 Atio.

379 1928 532 2005 Benedic,
548 1926 702 2004 Domine,
717 1927 804 1991 hunc
819 1933 1008 1992 creaturam
1031 1947 1152 1991 novem
1167 1926 1278 2012 panis,
1295 1928 1399 1997 sicut
1414 1933 1508 2000 bene

334 2031 449 2096 dixisti
465 2031 612 2116 quinque
635 2050 743 2117 panes
764 2031 798 2094 in
822 2030 957 2095 deserto
980 2030 1129 2115 quinque
1151 2028 1302 2095 millibus
1328 2032 1511 2101 hominu

336 2133 541 2211 saturandis,
571 2139 611 2198 ut
640 2133 686 2198 sit
714 2132 858 2197 dominis
888 2132 1039 2217 ejusdem
1072 2131 1247 2198 abundans
1281 2133 1321 2197 in
1355 2158 1511 2205 annum

335 2235 542 2312 alimentum,
559 2239 805 2321 gustantesque
828 2257 869 2299 ex
894 2257 934 2300 eo
950 2235 1117 2322 accipiant
1137 2241 1206 2301 tam
1228 2239 1396 2320 corporis
1411 2263 1511 2328 qua

336 2337 454 2403 animo
471 2338 662 2404 sanitatem.
707 2339 769 2423 Qui
786 2338 873 2402 vivis
889 2342 926 2402 st
940 2358 1063 2423 regnas
1078 2358 1153 2402 cum
1168 2335 1240 2403 Deo
1256 2337 1383 2406 Patre.

640 2574 917 2642 BENEDIOTIO
940 2573 1178 2641 POMORUM.

379 2765 427 2832 'I'o
464 2765 692 2852 deprecemur,
731 2765 946 2849 omnipotens
978 2762 1081 2841 Deus,
1117 2769 1156 2828 ut
1190 2762 1382 2834 benedicas
1424 2771 1511 2837 hun

335 2869 481 2936 fructum
498 2891 618 2934 novum
635 2889 820 2954 pomorum,
834 2874 871 2932 ut
886 2867 942 2952 qui
955 2887 1015 2932 esu
1031 2865 1215 2930 interdicto
1229 2867 1370 2935 arboria
1389 2871 1505 2941 letali

333 2974 421 3059 pomi
438 2974 472 3037 in
496 2978 735 3058 protoparente
754 2970 840 3053 justi
865 2970 993 3035 funerIs
1016 2969 1187 3035 sententia
1208 2968 1351 3037 multati
1372 2995 1507 3053 sumus,

334 3098 393 3162 por
415 3075 678 3142 illustrationem
693 3074 781 3138 unici
798 3074 877 3138 Filii
894 3075 944 3137 tui
961 3072 1205 3157 Redemptoris,
1220 3070 1285 3136 Dei
1302 3095 1345 3140 se
1363 3075 1505 3144 Domini

335 3181 444 3245 nostri
459 3180 541 3244 Jcsu
558 3178 697 3254 Christi,
714 3181 749 3242 et
772 3177 917 3262 Spiritus
941 3176 1054 3241 Sancti
1076 3174 1359 3256 benedictionem,
1380 3184 1506 3249 sancti.

334 3285 434 3350 ticuto
454 3283 567 3347 omnia
581 3288 682 3367 atque
706 3281 891 3357 benedicta,
908 3279 1058 3366 depulsis
1079 3285 1181 3362 atquc
1204 3278 1354 3361 objectis
1378 3287 1508 3352 vetusti

335 3387 442 3453 hostis
465 3394 565 3471 utque
587 3384 687 3471 primi
707 3383 867 3448 facinoris
891 3383 1075 3447 incentoris
1097 3381 1239 3457 insidiis,
1254 3380 1455 3454 salubriter
1468 3411 1508 3456 ex

334 3490 435 3574 liujus
462 3489 527 3552 diei
552 3486 785 3552 anniversaria
811 3484 1039 3550 sollemnitate
1062 3484 1204 3551 diversis
1230 3488 1331 3549 terre
1363 3491 1508 3560 edendis

333 3593 540 3677 germinibus
556 3590 718 3655 fruamur.
764 3587 837 3653 Pes.
1449 3592 1452 3596 ⁴

482 3827 756 3895 BENliDlOTlO
779 3828 1004 3894 POMORUM
1027 3827 1086 3892 ΕΤ
1109 3827 1350 3897 NUCLEUM.

377 4039 565 4114 Sanctitico,
591 4036 744 4104 Domine.
769 4055 869 4120 poma
896 4042 931 4099 et
959 4056 1061 4099 nuces
1087 4035 1294 4119 nucleosque
1320 4047 1365 4106 et
1390 4065 1509 4111 omnes

333 4144 464 4208 tructus
480 4148 549 4208 tum
573 4141 730 4206 orborum
747 4159 847 4224 quum
871 4139 1061 4216 herbarum,
1078 4140 1135 4223 qui
1151 4144 1212 4202 tuo
1234 4137 1389 4225 imperio
1407 4171 1505 4217 unum

333 4246 489 4310 omuibus
504 4243 732 4310 animantibus
755 4242 916 4329 prebent,
933 4263 993 4327 pen
1007 4248 1052 4315 te,
1070 4241 1205 4306 Christe
1220 4239 1322 4321 Jesu,
1339 4251 1406 4333 qui
1424 4255 1494 4320 vivi

332 4356 366 4415 ot
382 4368 505 4429 coccias
521 4346 555 4409 in
572 4343 695 4411 sucula
712 4344 918 4410 soeculorum.
