3022 4966
547 419 809 483 Benedictionce
828 418 987 482 Diversae.

389 761 667 829 BENEDIOTIO
689 762 752 829 AD
774 763 954 829 FRUGES
977 763 1144 829 NOVAS.

226 951 381 1029 Domine,
398 960 515 1019 sancte
532 953 643 1031 Pater,
660 954 874 1038 omnipotens
890 959 1014 1018 aterne
1036 955 1140 1032 Dens,
1156 954 1213 1039 qui
1229 952 1349 1018 coelum

183 1061 218 1119 ct
234 1061 373 1133 terram,
390 1077 482 1122 marc
498 1062 532 1120 et
553 1057 666 1121 omnia
681 1057 826 1134 creasti3
849 1063 884 1121 te
908 1056 1077 1142 supplices
1093 1076 1296 1141 quaesumus,
1312 1061 1350 1120 ut

182 1156 271 1221 hunc
297 1159 443 1224 fructum
468 1180 591 1223 novum
618 1160 815 1225 benedicere
840 1167 874 1224 et
901 1162 1113 1225 sanctificare
1136 1161 1287 1245 digneris
1314 1164 1350 1222 et

182 1262 409 1349 multiplicare
432 1266 645 1331 abundanter
668 1269 892 1333 offerentibus
916 1270 988 1344 tibi,
1013 1274 1049 1332 et
1070 1266 1213 1352 impleas
1234 1288 1347 1331 eorum

182 1367 324 1433 cellaria
346 1392 421 1435 curn
445 1370 643 1434 fortitudine
666 1370 829 1435 frumenti
852 1377 888 1436 et
910 1373 990 1449 vini,
1007 1377 1045 1436 ut
1067 1371 1223 1436 laetantes
1239 1371 1273 1433 in
1297 1369 1348 1435 eis

182 1473 333 1539 rcferant
348 1476 411 1540 tibi
427 1474 499 1539 Dec
516 1476 740 1560 omnipotenti
753 1476 873 1541 laudes
889 1484 922 1541 et
939 1477 1080 1563 gratias.
1127 1476 1202 1539 Per.

551 1665 827 1731 BENEDIOTIO
851 1666 966 1730 VINI.

224 1854 367 1920 Domine
393 1855 607 1940 omnipotens
633 1855 778 1933 Christe,
806 1857 861 1940 qui
888 1877 931 1920 ex
958 1856 1107 1939 quinque
1138 1855 1283 1941 panibus
1311 1862 1347 1918 ct

179 1959 311 2024 duobus
327 1959 476 2043 piscibus
493 1959 640 2042 quinque
662 1959 772 2024 millia
787 1959 959 2023 bominum
984 1960 1132 2035 satiasti,
1148 1959 1233 2023 etin
1251 1956 1346 2023 Cana

182 2062 327 2127 Galilaeae
350 2084 391 2126 ex
413 2083 503 2146 aqua
518 2063 632 2125 vinum
649 2062 771 2138 fecisti,
787 2064 845 2148 qui
862 2085 899 2127 es
922 2063 1004 2126 vitis
1028 2084 1131 2138 vera;
1155 2061 1345 2147 multiplica

181 2188 283 2251 super
299 2188 415 2231 servos
431 2172 509 2230 tuos
532 2167 794 2232 misericordiam
812 2166 953 2250 pietatis
969 2172 1046 2242 tuae,
1063 2165 1343 2250 quemadmodum

179 2271 291 2336 fecisti
308 2292 382 2334 cum
399 2270 553 2354 patribus
577 2271 705 2335 nostris
720 2274 755 2334 in
771 2277 833 2336 tua
855 2270 1087 2334 misericordia
1107 2268 1343 2354 sperantibus=

176 2380 211 2439 et
223 2374 460 2455 beneffidicere
477 2382 512 2438 et
525 2375 776 2458 sanctiffificare
788 2375 940 2461 digneris
953 2375 1039 2438 hanc
1053 2381 1242 2437 creaturam
1259 2372 1342 2445 vini,

179 2500 280 2563 quam
290 2477 333 2542 ad
344 2479 570 2543 substantiam
581 2499 754 2543 servorum
766 2486 899 2544 tuorum
911 2479 1061 2543 tribuisti
1073 2501 1081 2552 ;
1105 2483 1144 2539 ut
1153 2476 1342 2556 ubieunque

180 2603 221 2644 ex
239 2582 301 2645 hac
318 2590 477 2645 creatura
498 2582 610 2645 fusum
627 2583 733 2645 fuerit
754 2583 846 2645 vela
867 2581 1020 2666 quotibet
1041 2584 1205 2664 potatum,
1221 2577 1342 2640 divina

180 2684 422 2748 benedictionis
439 2690 503 2747 tuae
527 2683 701 2766 opulentia
722 2684 905 2768 repleatur,
921 2689 961 2747 ut
982 2681 1228 2766 accipientibus
1245 2701 1285 2742 ex
1303 2700 1341 2742 eo

179 2807 254 2850 cum
285 2787 473 2873 gratiarum
506 2787 637 2851 actione
669 2788 897 2851 sanctificetur
927 2787 961 2849 in
996 2784 1184 2848 visceribus
1215 2802 1341 2844 eorum.

180 2890 242 2979 Qui
259 2912 334 2955 cum
351 2892 451 2955 Patre
468 2897 504 2955 et
520 2892 648 2975 Spiritu
666 2891 800 2955 Sancto.
